1664 2540
161 168 211 205 20
641 179 818 216 merrus,
848 179 1018 208 ANNALs.

158 270 308 309 disiecti
348 284 421 309 nec
457 284 673 321 paucorum
712 272 918 319 instinctu,
951 273 1018 310 sed
1050 273 1204 322 pariter
1233 272 1499 321 ardescerent,

158 333 312 382 pariter
349 333 526 381 silerent,
559 337 678 371 tanta
708 334 953 384 aequalitate
984 337 1026 371 et
1062 333 1302 383 constantia,
1331 338 1380 373 ut
1384 334 1500 387 Aregi

157 395 344 433 crederes.
363 391 391 433 ’ᾗ
423 413 425 427 a
449 415 451 423 ‹
470 409 475 418 ¹

212 544 430 582 XXXIII.
462 545 626 582 Interea
658 544 896 583 Germanico
934 543 1198 595 per⁴GalliaS,
1233 547 1279 581 ut
1304 536 1494 592 diximus,

158 619 297 643 census
330 607 540 656 accipienti
571 607 777 644 excessisse
809 607 1042 656 Augustum
1072 605 1266 643 adfertur.
1317 605 1497 655 'Neptem

157 668 241 706 eius
274 668 546 718 Agrippinam
583 669 626 705 in
662 668 916 706 matrimonio
951 667 1162 718 pluresque
1193 680 1242 705 ex
1279 680 1325 705 ea
1355 667 1498 705 liberos

157 731 342 778 habebat,
364 732 446 781 ipse
467 731 599 769 Druso
627 731 754 768 fratre
773 731 919 768 Tiberii
937 731 1106 781 genitus,
1126 730 1338 780 Augustae
1363 742 1496 781 ηεροδ,

116 807 135 842 5
157 792 225 829 sed
263 793 410 830 anxius
440 793 603 830 occultis
638 794 681 830 in
719 805 760 830 se
789 793 926 843 patrui
962 790 1293 842 aviaeque'bdiis,
1326 805 1497 843 quorum

155 867 300 891 causae
330 855 512 902 acriores,
533 855 627 905 quia
654 855 826 904 iniquae.
883 855 1038 905 Quippe
1067 854 1191 892 Drusi
1218 867 1364 905 magna
1391 853 1496 904 apud

155 916 348 965 populum
398 916 628 954 Romanum
674 916 876 963 memoria,
914 916 1237 966 credebaturque,
1282 916 1317 953 si
1361 927 1496 954 rerum

155 974 311 1026 potitus
338 978 456 1025 foret,
477 978 704 1015 libertatem
733 978 961 1016 redditurus
973 993 983 1026 3
1014 978 1118 1015 unde
1145 978 1189 1015 in
1216 977 1495 1016 Germanicum

154 1037 268 1075 favor
296 1043 338 1076 et
365 1052 452 1090 spes
479 1039 628 1077 eadem.
697 1040 806 1077 Nam
838 1041 974 1078 iuveni
1004 1040 1119 1078 civile
1144 1040 1363 1090 ingenium,
1391 1039 1496 1077 mira

95 1118 138 1143 10
155 1101 320 1138 comitas
348 1104 389 1138 et
417 1101 572 1139 diversa
599 1102 650 1139 ab
677 1097 824 1139 Tiberii
852 1114 1031 1140 sermone
1058 1102 1187 1150 vuRm,
1207 1100 1496 1152 adrogantibus

154 1166 195 1200 et
210 1163 395 1200 obscuris.
451 1163 708 1201 Accedebant
736 1164 949 1202 muliebres
973 1164 1204 1201 offensiones
1221 1162 1496 1201 novercalibus

155 1225 322 1262 Liviae
312 1238 354 1262 m
375 1225 643 1275 Ag1·1ppinam
669 1226 853 1272 stimulis,
875 1230 996 1275 atque
1023 1227 1111 1275 ipsa
1129 1225 1357 1276 Agrippina
1375 1224 1495 1276 paulo

152 1287 396 1334 commotior,
427 1288 504 1325 nisi
533 1287 644 1341 quod
680 1288 868 1325 castitate
897 1291 937 1325 et
976 1287 1113 1325 mariti
1148 1300 1284 1325 amore
1314 1286 1496 1354 quamvis

153 1349 391 1387 indomitum
411 1350 591 1387 animum
610 1350 654 1387 in
674 1350 823 1388 bonum
843 1351 1039 1388 vertebat.

207 1501 414 1538 XXXIV.
446 1501 522 1538 Sed
552 1501 811 1539 Germanicus
832 1505 984 1551 quanto
1011 1513 1191 1539 summae
1215 1501 1297 1551 spei
1321 1500 1491 1551 propior,

154 1566 270 1600 tanto
307 1563 523 1616 impensius
560 1576 632 1613 pro
668 1563 824 1600 Tiberio
860 1563 949 1610 niti,
987 1575 1105 1612 seque
1140 1566 1182 1600 et
1217 1563 1430 1613 proximos,
1447 1566 1492 1600 et

153 1624 369 1673 Belgarum
407 1615 589 1662 civitates
625 1624 668 1662 in
700 1625 821 1661 verba
858 1625 943 1662 eius
979 1624 1116 1673 adigit.
1173 1624 1492 1674 Dehinc-audito

151 1685 351 1735 legionum
388 1686 570 1723 tumultu
606 1686 755 1735 raptim
799 1686 999 1735 profectus
1034 1686 1186 1724 obvias.
1205 1689 1322 1723 extra
1356 1689 1490 1723 castra

110 1759 129 1793 5
153 1747 308 1793 habuit,
337 1746 498 1784 deiectis
524 1747 568 1784 in
598 1751 746 1785 terram
774 1748 898 1785 oculis
924 1747 1036 1785 velut
1063 1746 1323 1799 paenitentia.
1378 1747 1490 1784 Post-

152 1821 274 1858 quam
311 1809 463 1846 vallum
508 1809 612 1856 iniit,
653 1810 798 1847 dissoni
843 1813 1006 1859 questus
1044 1809 1172 1846 audiri
1208 1821 1377 1859 coepere.
1434 1808 1491 1847 Et

150 1870 311 1919 quidam
351 1883 496 1920 prensa
540 1884 664 1908 manu
701 1871 784 1908 eius
827 1884 898 1921 per
933 1871 1099 1921 speciem
1136 1870 1388 1908 exosculandi
1427 1870 1488 1907 in-

150 1935 361 1969 seruerunt
394 1932 551 1981 digitos,
578 1936 625 1970 ut
657 1945 782 1970 vacua
811 1932 996 1970 dentibus
1023 1945 1093 1969 ora
1120 1932 1369 1982 contingeret
1379 1945 1392 1980 3
1418 1930 1490 1968 alii

150 1997 317 2031 curvata
331 1994 439 2031 senio
453 1994 632 2031 membra
643 1994 916 2032 ostendebant.
963 1993 1239 2031 Adsistentem
1252 1993 1488 2041 contionem,

91 2069 132 2094 10
150 2055 245 2106 quia
271 2055 472 2104 permixta
490 2055 716 2103 videbatur,
737 2056 932 2093 discedere
956 2056 998 2093 in
1023 2055 1247 2105 manipulos
1272 2055 1384 2093 iubet
1397 2067 1407 2102 ;
1421 2053 1491 2092 ,sie

150 2117 291 2155 melius
308 2117 787 2168 audsturosrresponsum,
779 2132 787 2140 ·
815 2118 961 2156 vexilla
987 2116 1193 2168 praeferri,
1213 2121 1260 2154 ut
1286 2116 1327 2154 id
1344 2116 1488 2154 saltem

150 2179 391 2216 discerneret
410 2178 610 2217 cohortes:
631 2179 746 2216 tarde
764 2179 1022 2228 obtemperav
1023 2191 1101 2216 ere.
1154 2178 1266 2216 Tunc
1283 2190 1308 2215 a
1325 2190 1487 2215 venera-

151 2241 258 2277 tione
276 2239 454 2289 Augusti
472 2252 583 2277 orsus
603 2240 714 2278 flexit
732 2239 783 2277 ad
801 2240 986 2277 victorias
1009 2239 1310 2289 triumphosque
1326 2237 1485 2286 Tiberii,

152 2301 371 2352 praecipuis
407 2301 588 2338 laudibus
623 2301 827 2339 celebrans
863 2314 963 2352 quae
999 2301 1104 2351 apud
1141 2300 1374 2339 Germanias
1407 2299 1488 2337 illis

92 2379 131 2416 15
151 2377 240 2402 cum
251 2362 470 2413 legionibus
485 2363 679 2412 pulcherr'
670 2377 750 2400 ima
761 2363 930 2402 fecisset.
980 2363 1123 2400 Italiae
1136 2362 1228 2400 inde
1240 2374 1484 2408 consensum,
