1664 2540
155 168 204 205 36
635 178 812 214 monus,
842 177 1010 206 ANNALS.

152 271 296 308 doloris
333 271 468 308 soc-ius.
525 265 654 316 Quod*
671 271 828 309 Tiberio
855 271 964 309 haud
997 271 1220 321 probatum,
1248 284 1318 311 seu
1345 275 1491 311 cuncta

153 333 381 371 Germanici
417 333 460 370 in
497 332 670 370 deterius
712 333 907 381 trahenti,
945 333 1028 371 sive
1062 334 1281 372 exercitum
1317 334 1492 384 imagine

151 408 352 432 caesorum
376 395 744 445 insepultorumque
765 395 974 433 tardatum
993 395 1044 432 ad
1069 395 1218 446 proelia
1239 399 1282 434 et
1305 396 1491 434 formido-

93 471 135 496 10
151 458 332 494 losiorem
361 457 537 494 hostium
569 457 778 500 credebat;
815 469 944 508 neque
971 458 1254 507 imperatorem
1286 462 1491 508 auguratu

152 523 192 556 et
229 519 509 556 vetustissimis
543 519 792 557 caerimoniis
827 520 1054 570 praeditum
1091 520 1317 558 adtrectare
1351 520 1492 559 feralia

153 581 344 618 debuisse.

207 726 370 764 LXIII.
402 725 479 764 Sed
515 726 775 764 Germanicus
811 727 1015 765 cedentem
1051 727 1096 764 in
1131 727 1223 765 avia
1258 727 1491 766 Arminium

151 792 320 835 secutus,
340 788 410 825 ubi
437 783 612 838 primum
640 788 752 838 copia
780 787 871 836 fuit,
897 788 1010 826 evehi
1037 788 1190 839 equItes
1217 800 1492 840 campumque,

152 864 270 901 quem
297 851 422 888 hostis
449 850 660 898 insederat,
694 850 795 900 eripi
821 851 943 888 iubet.
1001 850 1214 889 Arminius
1244 851 1375 902 colligi
1401 864 1493 890 81108

152 918 192 952 et
219 914 489 964 propinquare
516 913 624 950 silvis
651 914 822 951 monitos
849 914 972 951 vertit
999 917 1164 964 repente
1174 928 1187 963 ς
1214 927 1307 953 mox
1333 914 1493 965 signum

112 988 132 1024 5
152 976 435 1027 prorumpendi
461 975 569 1013 dedit
597 976 646 1013 iis
672 989 769 1026 quos
794 989 864 1026 per
891 976 1017 1013 saltus
1042 976 1325 1015 occultaverat.
1380 976 1492 1015 Tunc

152 1051 256 1075 nova
285 1038 368 1074 acie
395 1038 585 1075 turbatus
613 1050 744 1087 eques,
774 1037 993 1088 missaeque
1019 1037 1280 1076 subsidiariae
1311 1037 1493 1076 cohortes

152 1103 193 1137 et
212 1100 454 1149 fugientium
481 1099 640 1149 agmine
662 1100 858 1150 impulsae
883 1104 1084 1137 auxerant
1108 1099 1467 1138 consternationem
1477 1113 1492 1149 3

152 1162 502 1211 trudebanturque
528 1162 572 1198 in
603 1161 788 1211 paludem
815 1174 987 1211 gnaram
1016 1162 1278 1211 vincentibus,
1310 1162 1492 1213 iniquam

152 1223 304 1270 nesciis,
343 1224 386 1260 ni
423 1224 570 1260 Caesar
607 1223 821 1272 productas
857 1223 1030 1272 legiones
1066 1223 1334 1264 instruxisset.
1389 1223 1492 1262 Inde
1533 1244 1539 1249 ·

92 1303 134 1328 10
152 1285 331 1322 hostibus
349 1288 490 1331 terror,
511 1284 653 1321 fiducia
671 1285 789 1322 militi
801 1298 812 1333 3
841 1288 882 1322 et
902 1285 1085 1322 manibus
1103 1286 1239 1336 aequis
1256 1286 1489 1325 abscessum.

152 1346 251 1383 Mox
280 1347 444 1384 reducto
475 1347 526 1383 ad
557 1347 756 1383 Amisiam
787 1347 964 1384 exercitu
991 1347 1163 1398 legiones
1189 1348 1323 1396 classe,
1350 1352 1399 1385 ut
1425 1347 1492 1386 ad-

150 1411 328 1454 vexerat,
375 1411 581 1457 reportat:
629 1421 723 1458 pars
769 1408 950 1458 equitum
996 1409 1112 1446 litore
1163 1409 1311 1447 Oceani
1355 1412 1492 1460 petere

152 1470 341 1508 Rhenum
356 1471 462 1507 iussa
474 1484 486 1517 3
506 1470 690 1516 Caecina,
706 1471 773 1520 qui
793 1483 909 1507 suum
924 1470 1092 1508 militem
1106 1470 1288 1518 ducebat,
1302 1471 1490 1519 monitus,

152 1545 395 1582 quamquam
414 1532 519 1570 notis
532 1532 742 1569 itineribus
756 1532 1045 1582 regrederetur,
1060 1537 1200 1583 pontes
1217 1533 1355 1584 longos
1368 1544 1491 1584 quam

93 1615 132 1651 ¹5
152 1595 391 1632 maturrime
434 1607 633 1644 superare.
700 1594 911 1644 Angustus
954 1594 987 1632 is
1022 1598 1172 1632 trames
1214 1599 1349 1634 vastas
1382 1583 1492 1634 inter

152 1656 316 1706 paludes
344 1656 542 1706 quondam
571 1669 594 1692 a
623 1656 670 1694 L.
701 1656 877 1693 Domitio
904 1660 1141 1706 aggeratus:
1178 1660 1310 1695 cetera
1337 1657 1490 1706 limoQ

151 1719 308 1755 tenacia
335 1719 449 1768 gravi
478 1731 599 1756 caeno
628 1722 701 1755 aut
730 1719 825 1755 rivis
852 1718 1004 1756 ineerta
1031 1723 1147 1756 erant
1159 1733 1170 1767 3
1198 1720 1346 1757 circum
1370 1720 1491 1757 silvae

152 1780 351 1830 paulatim
379 1780 550 1818 ade-lives
568 1793 668 1830 quas
695 1784 783 1817 tum
811 1780 1023 1818 Arminius
1049 1781 1229 1831 inplevit,
1254 1781 1494 1833 compendiis

151 1843 307 1879 viarum
336 1846 376 1879 et
397 1843 474 1879 cito
502 1843 662 1892 agmine
687 1846 875 1880 onustum
902 1841 1068 1879 sarcinis
1094 1842 1296 1893 armisque
1322 1843 1491 1880 militem

88 1928 133 1953 20
151 1917 242 1942 cum
261 1906 541 1942 antevenisset.
590 1904 784 1942 Caecinae
799 1905 1014 1952 dubitanti,
1035 1917 1209 1954 quonam
1224 1905 1338 1943 modo
1351 1907 1492 1954 ruptos

150 1969 353 2003 vetustate
386 1969 527 2016 pontes
558 1970 766 2016 reponeret
801 1966 998 2016 simulque
1034 1967 1285 2016 propulsaret
1320 1966 1488 2012 hostem,

151 2033 282 2066 castra
319 2029 464 2066 metari
502 2029 544 2066 in
581 2030 666 2066 loco
702 2029 865 2079 placuit,
899 2032 946 2066 ut
982 2041 1080 2079 opus
1115 2033 1157 2066 et
1192 2029 1263 2067 alii
1295 2029 1488 2080 proelium

150 2091 382 2140 inciperent.

205 2230 360 2273 LXIV.
391 2236 561 2272 Barbari
580 2234 824 2285 pel-fiingere
844 2235 1037 2273 stationes
1055 2248 1174 2284 seque
1191 2235 1340 2273 inferre
1359 2235 1487 2274 muni-

150 2298 303 2335 toribus
318 2298 393 2334 nisi
408 2298 618 2343 lacessunt,
634 2296 1032 2345 circumgrediunfflr,
1047 2301 1278 2337 occursant:
1298 2297 1487 2335 miscetur

150 2359 402 2412 operantium
419 2359 734 2413 bellantiumque
748 2357 805 2394 cla
811 2369 908 2406 mor,
924 2362 965 2396 et
978 2363 1121 2399 cuncta
1131 2359 1284 2410 pariter
1294 2358 1487 2401 Romanis
