1664 2540
549 188 656 216 mox
683 189 727 225 1.,
754 187 874 240 σῳ.
895 176 966 237 75.
1053 210 1059 215 .
1380 175 1433 214 43

94 276 275 323 sinistros
301 283 349 320 de
376 283 532 321 Tiberio
559 294 759 321 semones
785 281 980 329 habuisse,
1008 281 1241 319 inevitabile
1267 281 1431 328 crimen,

94 357 193 382 cum
229 357 280 383 ex
322 345 498 383 moribus
537 344 727 395 principis
762 343 986 381 foedissima
1022 355 1200 397 quaeque
1239 342 1432 393 deligeret

94 410 301 445 accusator
325 407 619 457 obiectaretque
644 419 731 453 reo.>
778 406 887 443 Nam
913 405 1020 455 quia·
1036 418 1132 443 vera
1158 408 1288 452 erant,
1307 404 1429 443 etiam

94 467 201 506 dicta
218 468 494 510 credebantur.
549 468 720 506 Addidit
740 468 868 518 Hispo
894 471 1076 506 statuam
1104 467 1287 504 Marcelli
1306 467 1430 504 altius

92 541 213 580 quam
242 530 459 569 Caesarum
490 530 622 577 sitam,
650 533 692 567 et
718 525 800 567 alia
825 529 869 567 in
896 532 1033 567 statua
1061 532 1271 579 amputato
1297 529 1429 579 capite
1451 541 1491 576 15

92 590 271 641 Augusti
301 591 468 642 effigiem
500 591 647 629 Tiberii
677 590 859 634 inditam.
914 590 982 628 Ad
1010 590 1116 641 quod
1144 590 1293 628 exarsit
1319 591 1428 638 adeo,

94 655 142 693 ut
167 655 291 702 rupta
314 653 595 691 taciturnitate
620 652 884 703 proclamaret
910 665 953 691 se
979 665 1136 703 quoque
1163 652 1207 690 in
1233 665 1280 690 ea
1306 665 1428 691 causa

92 703 272 752 laturum
298 715 540 752 sententiam
566 714 699 765 palam
725 718 768 752 et
791 715 983 762 iuratum,
1012 727 1092 764 quo
1118 715 1261 752 ceteris
1289 714 1427 753 eadem

93 772 306 814 necessitas
330 776 455 814 fieret.
511 776 736 814 Manebant
762 776 886 814 etiam
912 779 1001 813 tum
1025 775 1195 826 vestigia
1222 775 1428 814 morientis

91 835 301 876 libertatis.
356 837 492 888 Igitur
523 838 597 876 Cn.
626 837 717 876 Piso
749 841 863 888 “quo
875 837 895 853 ’¹
921 837 1055 887 inquit
1087 839 1112 858 ‘⁴
1126 837 1210 875 loco
1239 838 1426 885 censebis,
1446 854 1492 880 20

92 890 263 937 Caesar!
318 899 360 937 Si
388 900 551 949 primus,
584 900 738 938 habebo
768 899 873 950 quod
903 912 1070 950 sequar:
1108 899 1142 936 si
1170 903 1259 950 post
1285 900 1425 947 omnis,

90 970 228 998 vereor
245 973 297 998 ne
313 961 531 1011 inprudens
548 961 814 999 dissentiam?
868 962 1081 1000 Permotus
1098 961 1172 1008 his,
1192 965 1426 1016 quantoque

88 1019 289 1059 incautius
306 1022 529 1069 efferverat,
547 1022 797 1072 paenitentia
822 1024 981 1072 patiens
1007 1022 1104 1060 tulit
1130 1023 1284 1060 absolvi
1310 1036 1425 1061 reum

89 1081 321 1120 criminibus
346 1084 586 1123 maiestatis:
614 1084 662 1122 de
688 1084 865 1134 pecuniis
894 1084 1126 1134 repetundis
1154 1084 1205 1122 ad
1232 1085 1425 1135 recipera-

89 1146 196 1180 tores
221 1144 324 1181 itum
351 1148 422 1182 est.

144 1316 319 1355 LXXV.
346 1317 433 1355 Nec
458 1322 622 1367 patrum
653 1318 944 1369 cognitionibus
974 1319 1146 1357 satiatus
1176 1319 1330 1357 iudiciis
1357 1320 1424 1358 ad-

90 1377 276 1416 uidebat
263 1392 308 1416 111
325 1393 447 1417 cornu
466 1380 691 1428 tribunalis,
710 1394 762 1418 ne
788 1384 1013 1431 praetorem
1037 1382 1167 1419 curuli
1186 1382 1422 1432 depelleret3

89 1438 295 1490 multaque
321 1452 367 1477 eo
392 1453 526 1478 comm
543 1441 731 1479 adversus
747 1442 945 1480 ambitum
971 1447 1014 1480 et
1041 1444 1264 1493 potentium
1287 1457 1423 1494 preces

89 1501 320 1543 constituta.
377 1502 454 1540 Sed
471 1503 565 1540 dum
583 1505 748 1542 veritati
766 1505 997 1553 consulitur,
1015 1506 1181 1543 libertas
1198 1519 1419 1556 corrumpe-

89 1561 223 1600 batur.
278 1563 397 1602 Inter
432 1578 534 1615 quae
569 1566 666 1603 Pius
701 1567 891 1605 Aurelius
926 1572 1086 1606 senator
1120 1571 1283 1618 questus
1319 1568 1422 1605 mole
1462 1582 1483 1618 5

88 1622 269 1672 publicae
304 1625 394 1663 viae
430 1627 630 1678 ductuque
674 1641 872 1678 aquarum
916 1629 1134 1667 labefactas
1174 1629 1282 1667 aedis
1316 1642 1420 1677 31133,

90 1685 283 1724 auxilium
320 1691 480 1736 patrum
517 1689 739 1728 invocabat.
795 1691 1089 1729 Raeisteufibus
1124 1692 1271 1729 aerarii
1306 1704 1422 1741 prae-

87 1746 240 1784 toribus
257 1749 443 1787 subvenit
462 1750 604 1788 Caesar
621 1752 873 1802 pretiumque
901 1753 1059 1791 aedium
1076 1754 1243 1791 Aurelio
1261 1754 1418 1801 tribuit,

88 1809 311 1858 erogandae
327 1823 400 1860 per
416 1811 582 1850 honesta
591 1806 787 1863 pecuniae
804 1814 976 1865 cupiens,
996 1828 1118 1865 quam
1139 1816 1331 1854 virtutem
1350 1816 1419 1853 diu

89 1868 272 1918 retinuit,
290 1883 380 1909 cum
407 1876 560 1911 ceteras
586 1879 760 1931 exueret.
816 1875 1025 1926 Propertio
1052 1877 1181 1915 Celeri
1207 1877 1418 1927 praetorio,
1442 1895 1485 1919 10

87 1930 247 1968 veniam
273 1932 423 1971 ordinis
447 1934 498 1972 ob
524 1940 801 1985 paupertatem
825 1937 991 1987 petenti,
1010 1938 1186 2007 deciens
1180 1938 1419 1976 saeterfium

86 1990 255 2041 largitus
290 1998 363 2042 est,
400 1995 500 2033 satis
534 2002 722 2058 conperto
766 2003 954 2048 paternas
997 2000 1035 2036 ei
1079 2001 1286 2050 angustias
1321 2013 1415 2038 esse.

86 2051 338 2102 Temptantis
380 2057 518 2094 eadem
564 2048 661 2095 alios
704 2060 871 2109 probare
914 2073 1055 2098 causas
1094 2062 1252 2099 senatui
1287 2062 1417 2109 iussit,

85 2113 269 2162 cupidine
294 2117 519 2155 severitatis
544 2119 588 2156 in
614 2119 663 2156 iis
684 2120 813 2157 etiam
830 2133 935 2170 quae
959 2122 1038 2159 rite
1064 2122 1214 2160 faceret
1240 2124 1415 2161 acerbus.

86 2172 207 2212 Unde
220 2176 341 2213 ceteri
353 2177 555 2216 silentium
573 2183 615 2217 et
632 2184 911 2230 paupertatem
924 2182 1159 2221 confessioni
1172 2187 1214 2222 et
1231 2184 1418 2222 beneficio
1441 2200 1481 2237 15

42 2278 46 2280 Y
86 2246 354 2286 praeposuere.
