1716 2554
566 211 672 236 BOOK
703 211 745 246 1.,
774 210 912 237 0111113.
944 199 980 246 4,
1010 199 1046 235 5.
1460 197 1483 234 3

151 305 277 352 iussit,
304 316 548 353 quamquam
577 307 679 341 esset
707 305 749 340 in
777 303 890 340 dom„
914 279 1065 348 {herii
1093 302 1199 338 filius
1225 300 1390 346 iuvenis,
1416 298 1485 337 sed

152 380 231 417 quo
247 366 429 435 pluribus
446 365 704 403 munimentis
728 365 940 407 insisteret.
998 363 1155 401 Bellum
1174 376 1223 400 ea
1243 365 1484 412 tempaetate

154 428 310 466 nullum
334 427 410 464 nisi
408 427 623 487 ”adversus
641 427 860 464 Germanos
881 430 1101 476 supererat,
1121 425 1339 463 abolendae
1357 424 1485 474 magis

153 488 346 526 infamiae
371 488 422 525 ob
447 501 635 525 amissum
662 501 750 525 cum
771 487 965 532 Quintilio
982 487 1097 524 Varo
1123 486 1340 524 exereitum
1363 497 1484 535 (1118111

153 549 337 601 cupidine
346 549 600 600 proferendi'
588 550 745 599 imperii
758 553 832 587 aut
843 549 1007 598 dignum
1020 549 1070 586 ob
1082 548 1315 599 praemium.
1366 546 1485 585 Domi

154 625 219 650 res
253 611 508 661 tranquillae,
541 603 678 648 eadem
715 611 1028 660 magistratuum
1060 610 1275 657 voeabula;
1310 609 1486 648 iuniores

1503 372 1545 407 25

154 677 243 724 post
269 673 479 711 Actiacam
507 666 726 720 victoriam,
754 672 876 709 etiam
904 684 1015 709 senes
1042 671 1220 739 plerique
1245 639 1353 708 111101·
1381 669 1485 707 110118
1501 675 1549 710 30

153 735 300 773 civium
335 734 444 772 nati:
482 738 628 783 quotus
663 734 831 783 quisque
866 733 1042 782 reliquus
1068 733 1139 782 qui
1175 745 1257 769 rem
1284 731 1487 782 publicam

155 797 316 835 vidisset
325 798 340 834 ¹3

210 913 289 951 IV.
318 912 452 962 Igitur
482 924 594 949 verso
625 899 801 948 civita'tis
831 914 943 948 statu
970 910 1072 954 nihil
1104 921 1271 960 usquam
1298 908 1416 959 prisci
1447 912 1489 945 et

156 964 304 1023 integri
339 973 480 1010 moris:
527 984 661 1008 omnes
703 975 825 1008 exuta
867 972 1114 1020 aequalitate
1156 971 1262 1008 iussa
1296 969 1490 1020 principis

157 1037 373 1084 aspectare,
417 1033 528 1070 nulla
573 1033 615 1069 in
658 1024 844 1082 praesens
882 1031 1104 1079 formidine,
1141 1031 1235 1068 dum
1278 1032 1490 1081 Augustus

158 1100 292 1134 aetate
331 1095 486 1132 validus
527 1107 643 1143 seque
681 1098 723 1131 et
763 1094 924 1132 domum
964 1099 1006 1132 et
1050 1106 1187 1144 pacem
1232 1093 1487 1131 sustentavit.

159 1157 375 1206 Postquam
405 1159 592 1206 provecta
621 1155 701 1192 iam
730 1159 910 1193 senectus
937 1168 1056 1204 aegro
1087 1159 1129 1192 et
1156 1167 1316 1205 corpore
1342 1154 1489 1203 fatiga-

159 1218 281 1255 batur
307 1217 526 1266 aderatque
553 1216 658 1252 finis
669 1220 711 1253 et
738 1228 826 1265 spes
853 1229 991 1262 novae,
1018 1217 1134 1267 pauci
1161 1217 1266 1253 bona
1293 1215 1491 1252 libertatis

159 1280 204 1316 in
234 1282 407 1340 083311Πῇ
421 1278 621 1324 disserere,
650 1277 783 1327 phu-es
811 1278 959 1314 bellum
988 1289 1208 1327 pavescere,
1236 1277 1304 1314 alii
1321 1289 1488 1326 ,0.1111010

162 1341 261 1378 Pars
290 1340 416 1377 multo
445 1339 619 1376 maxima
647 1339 881 1376 inminentis
913 1340 1091 1377 dominos
1118 1339 1239 1376 variis
1266 1334 1491 1376 ruderibus

162 1402 421 1450 differebant·
451 1406 604 1447 trucem
622 1401 859 1451 Agrippam
873 1404 916 1438 et
943 1401 1161 1451 ignominia
1185 1413 1391 1439 accensum
1411 1412 1492 1437 non

162 1467 296 1502 aetate
310 1475 438 1512 neque
452 1476 584 1500 rerum
598 1462 845 1512 experientia
859 1466 1001 1499 tantae
1014 1463 1107 1500 moli
1126 1476 1274 1512 parem,
1289 1461 1489 1499 Tiberium

163 1525 363 1562 Neronem
382 1527 587 1561 mat-urum
606 1524 734 1569 annis,
754 1527 978 1572 spectatum
999 1524 1114 1571 bello,
1133 1525 1201 1562 sed
1220 1528 1353 1562 vetere
1370 1527 1493 1571 atque

163 1587 285 1624 insita
311 1585 501 1624 Claudiae
531 1586 707 1623 familiae
733 1585 930 1634 superbia,
958 1586 1166 1635 multaque
1197 1586 1342 1623 indicia
1370 1584 1493 1622 saevi-

163 1650 257 1697 tiae,
289 1661 529 1699 quamquam
561 1652 810 1698 premantur,
842 1659 1104 1698 erumpere.
1128 1650 1251 1687 Hunc
1287 1653 1328 1686 et
1363 1649 1494 1698 prima

166 1711 219 1748 ab
239 1709 414 1747 infantia
441 1710 627 1747 eductum
654 1710 698 1746 in
725 1709 838 1746 domo
864 1710 1100 1759 regnati-ico,
1128 1714 1333 1760 congestos
1358 1708 1495 1746 iuveni

166 1772 408 1822 consulatus,
436 1771 671 1822 triumphos,
699 1783 749 1807 ne
775 1771 824 1808 113
850 1771 1010 1820 quidem
1035 1772 1164 1819 annis,
1192 1772 1336 1821 quibus
1363 1761 1496 1809 Rhodi

167 1833 489 1891 speeigeesoeesus
514 1833 607 1870 exul
633 1833 771 1882 egerit,
790 1832 1021 1882 aliud—quid
1039 1845 1161 1882 quam
1187 1833 1291 1870 iram
1309 1836 1351 1870 et
1377 1832 1495 1869 simu-

167 1894 357 1932 lationem
374 1896 417 1931 et
430 1897 599 1931 secretas
611 1893 806 1930 lubidines
819 1892 1069 1931 meditatum.
1114 1893 1313 1931 Accedere
1325 1897 1495 1943 matrem

168 1955 374 2008 muliebrix
391 1953 640 2005 inpotentia:
678 1954 929 1996 serviendum
964 1954 1139 1992 feminae
1174 1952 1403 2004 duobusque
1437 1953 1497 1990 in—

168 2028 287 2066 super
313 2015 638 2062 adulescentibus,
670 2015 740 2064 qui
768 2028 851 2052 rem
881 2015 1079 2065 publicam
1106 2016 1268 2053 interim
1297 2018 1495 2065 premant,

167 2076 403 2127 quandoque
427 2076 667 2114 distrahant.

224 2194 279 2233 V.
308 2194 422 2232 Haec
455 2198 579 2244 atque
619 2194 719 2232 talia
743 2195 1010 2245 ‘agitantibus
1050 2206 1277 2245 gravescere
1303 2172 1498 2231 'valetudo

1513 1477 1556 1503 10

1515 1787 1555 1823 15

171 2255 360 2306 Augusti,
395 2259 437 2293 et
470 2256 634 2305 quid—am
669 2256 794 2294 scelus
828 2258 962 2294 uxoris
996 2257 1287 2306 suspectabant.
1342 2255 1530 2305 Quipper—

172 2330 309 2356 rumor
341 2317 564 2364 incesserat,
600 2329 745 2367 paucos
780 2323 875 2356 ante
911 2329 1064 2356 menses
1091 2318 1334 2367 Augustum,
1366 2315 1500 2353 electis

175 2378 338 2427 eopaffis
367 2382 410 2416 et
438 2381 581 2416 comite
609 2392 689 2416 uno
718 2379 839 2416 Fabio
868 2379 1058 2426 Maximo,
1087 2379 1314 2416 Planasiam
1341 2382 1501 2415 vectum
