1664 2540
138 153 186 190 12
619 169 797 206 merrus,
826 170 994 198 ANNALS.

135 274 301 332 aQos
329 275 536 313 exposcere
564 264 748 312 remedia,
769 265 846 303 nisi
874 279 1021 303 novum
1041 270 1082 304 et
1109 269 1322 304 nutantem
1347 266 1477 304 adhuc

96 323 116 361 5
136 325 355 375 principem
375 326 554 376 precibus
573 327 636 365 vel
654 327 778 365 armis
796 328 979 366 adirent?
1035 328 1143 366 Satis
1167 341 1238 379 per
1260 331 1323 366 tot
1348 340 1476 366 annos

135 387 298 438 ignavia
324 392 545 438 peccatum,
574 389 678 439 quod
704 389 859 427 tricena
891 394 965 427 aut
997 391 1252 441 quadragena
1278 390 1477 440 stipendia

137 462 249 488 senes
273 453 315 487 et
342 451 521 501 plerique
548 454 738 489 truncato
766 465 815 490 ex
843 453 1074 490 vulneribus
1101 466 1262 503 corpore
1290 453 1475 501 tolerent,

137 512 202 549 Ne
229 512 400 550 dimissis
423 513 582 563 quidem
610 514 730 551 finem
749 527 831 552 esse
859 514 1038 562 militiae,
1060 515 1127 552 sed
1155 515 1260 565 apud
1289 515 1478 552 vexillum

138 575 348 612 tendentes
383 575 461 612 alio
498 576 686 613 vocabulo
723 577 877 614 eosdem
915 577 1068 615 labores
1104 577 1293 627 perferre.
1349 577 1411 615 Ac
1447 576 1481 614 si

81 638 122 669 10.
141 637 229 687 quis
264 640 327 674 tot
363 650 477 675 casus
513 638 598 675 vita
635 640 896 689 superaverit,
931 639 1041 694 trahi
1073 639 1203 677 adhuc
1235 639 1411 676 diversas
1436 638 1481 675 in

141 702 282 746 terras,
302 698 371 736 ubi
390 711 461 748 per
479 712 624 737 nomen
643 713 831 750 agrorum
851 700 1021 750 uligines
1039 701 1230 751 paludum
1245 700 1309 738 vel
1327 699 1482 737 inculta

141 761 339 798 montium
377 761 587 811 accipiant.
656 762 871 800 Enimvero
914 763 1101 800 militiam
1143 763 1270 813 ipsam
1305 774 1482 813 gravem,

142 822 456 861 infructuosam:
495 823 606 861 denis
643 825 685 861 in
723 823 823 861 diem
863 824 1015 861 assibus
1050 825 1228 861 animam
1265 828 1307 862 et
1343 836 1487 874 corpus

143 884 359 922 aestimari.
431 885 540 923 Hinc
579 890 729 923 vestem
773 899 886 923 arma
923 887 1108 934 tentoria,
1146 886 1238 923 hinc
1274 885 1484 924 saevitiam

84 951 124 988 15
144 946 422 984 centurionum
438 950 478 984 et
491 948 717 986 vacationes
736 961 947 986 munerum
963 948 1113 986 redimi.
1152 948 1213 986 At
1228 947 1386 986 hercule
1400 959 1485 985 ver-

145 1009 240 1046 bera
269 1012 310 1046 et
338 1009 516 1057 vulnera,
535 1009 679 1047 duram
708 1010 889 1057 hiemem,
909 1010 1104 1047 exercitas
1132 1013 1318 1057 aestates,
1337 1009 1485 1047 bellum

145 1074 264 1108 atrox
301 1074 374 1108 aut
411 1071 586 1108 sterilem
623 1085 758 1122 pacem
790 1072 1044 1122 sempiterna.
1111 1072 1198 1109 Nec
1234 1071 1345 1109 alind
1381 1071 1487 1108 leva-

146 1138 328 1170 mentum
365 1146 487 1182 quam
525 1134 557 1170 si
594 1134 712 1171 certis
749 1134 823 1171 sub
860 1133 1013 1184 legibus
1049 1133 1195 1171 militia
1224 1133 1408 1180 iniretur,
1437 1135 1486 1169 ut

146 1194 322 1244 singulos
340 1194 522 1232 denarios
543 1199 755 1243 mererent,
776 1199 912 1233 sextus
931 1195 1118 1233 decumus
1143 1195 1330 1245 stipendii
1352 1207 1485 1232 annus

86 1273 131 1298 20
148 1256 266 1293 finem
294 1256 481 1303 adferret,
503 1269 553 1294 ne
583 1258 690 1294 ultra
718 1258 793 1295 sub
820 1257 975 1295 vexillis
1002 1261 1249 1303 tenerentur,
1269 1257 1336 1294 sed
1365 1256 1488 1294 isdem

147 1319 191 1355 in
228 1318 369 1355 castris
405 1318 628 1368 praemium
665 1319 834 1369 pecunia
867 1319 1098 1356 solveretur.
1163 1318 1233 1364 An
1269 1317 1490 1369 praetorias

151 1380 340 1427 cohortes,
361 1393 464 1429 quae
491 1380 603 1418 binos
622 1380 804 1418 denarios
829 1380 1064 1430 acceperint,
1084 1393 1187 1430 quae
1211 1383 1300 1430 post
1323 1379 1489 1418 sedecim

152 1454 279 1479 annos
298 1442 510 1491 penatibus
529 1442 610 1479 suis
628 1442 860 1489 reddantur,
876 1442 966 1492 plus
984 1441 1250 1492 periculorum
1269 1440 1490 1491 suscipere'.l

153 1517 232 1541 non
269 1503 486 1541 obtrectari
522 1517 547 1540 a
583 1516 625 1541 se
662 1505 838 1541 urbanas
870 1503 1067 1551 excubias,
1104 1503 1180 1540 sibi
1216 1507 1353 1540 tamen
1384 1501 1492 1552 apud

153 1565 335 1602 horridas
363 1569 501 1615 gentes
528 1578 550 1602 e
577 1565 847 1603 contuberniis
874 1565 1028 1603 hostem
1057 1565 1189 1615 aspici.

208 1685 379 1723 XVIII.
409 1685 682 1756 Adstrepebat
718 1687 887 1736 vulgus,
912 1687 1022 1724 dive1
1023 1686 1076 1724 sis
1120 1685 1406 1734 incitamentis,
1450 1685 1495 1722 hi

155 1748 364 1786 xer-belum
397 1732 525 1795 notaS,
556 1748 614 1785 illi
646 1748 845 1796 canitiem,
878 1748 1040 1799 plurimi
1070 1749 1219 1786 detrita
1247 1748 1425 1798 tegmina
1453 1750 1495 1785 et

155 1810 308 1847 nudum
337 1822 478 1859 corpus
505 1811 803 1860 exprobrantes.
861 1810 1066 1847 Postlemo
1093 1823 1139 1847 eo
1166 1810 1312 1847 furoris
1338 1821 1494 1856 venere,

156 1875 204 1908 ut
240 1874 321 1907 tres
357 1870 528 1920 legiones
565 1872 727 1908 miscere
763 1871 805 1908 in
843 1884 967 1908 unam
1004 1871 1262 1921 agitaverint.
1330 1869 1498 1921 Depulsi

116 1942 137 1980 5
158 1932 436 1980 aemulatione,
453 1933 546 1982 quia
565 1945 661 1970 suae
675 1934 839 1983 quisque
858 1933 1003 1983 legioni
1021 1945 1113 1970 eum
1133 1933 1321 1970 honorem
1336 1943 1498 1982 quaere-
1534 1967 1538 1970 .

159 1995 270 2041 bant,
290 1994 369 2030 alio
388 1998 554 2031 vertunt
573 1997 697 2044 atque
712 2007 793 2031 una
812 1998 894 2032 tres
913 1994 1070 2043 aquilas
1083 1997 1124 2032 et
1142 1994 1257 2044 signa
1276 1993 1499 2030 cohortium

158 2056 316 2103 locant;
345 2055 462 2092 simul
481 2058 703 2105 congerunt
731 2055 935 2105 caespites,
957 2058 1172 2092 exstruunt
1198 2053 1392 2101 tribunal,
1420 2065 1500 2103 quo

75 2126 89 2169 1
159 2116 289 2166 magis
303 2117 513 2166 conspicua
528 2116 636 2154 sedes
651 2115 712 2152 for
713 2120 766 2153 et.
824 2116 879 2152 Pr
879 2116 1138 2165 operantibus
1153 2115 1320 2153 Blaesus
1333 2114 1500 2152 advenit

159 2178 471 2228 increpabatque
490 2186 536 2214 ac
561 2178 762 2214 letinebat
781 2176 969 2227 singulos,
991 2174 1204 2214 clamitans
1224 2179 1247 2198 ‘⁴
1261 2189 1350 2214 mea
1368 2155 1501 2227 potius

101 2256 143 2283 10
161 2240 277 2278 caede
304 2240 472 2277 imbuite
500 2252 667 2277 manus:
696 2239 843 2276 leviore
870 2239 1024 2289 flagitio
1050 2239 1229 2289 legatum
1255 2237 1502 2278 interficietis

161 2315 282 2351 quam
328 2301 381 2338 ab
421 2301 662 2350 imperatore
707 2300 929 2337 desciscitis.
998 2300 1103 2344 Aut¹
1133 2298 1343 2337 incolumis
1382 2298 1501 2336 fidem

163 2363 362 2413 legionum
387 2363 566 2400 retinebo
592 2366 663 2399 aut
692 2361 898 2410 iugulatus
917 2361 1207 2411 paenitentiam
1235 2359 1501 2398 adcelerabo.''
1528 2404 1531 2407 .
