1664 2540
166 137 218 175 44
656 151 839 188 nemus,
868 152 1036 180 ANNALs.

221 291 422 330 LXXVI.
454 292 603 330 Eodem
623 306 731 331 anno
755 294 956 331 continuis
979 294 1173 333 imbribus
1197 299 1338 334 auctus
1359 297 1512 336 Tiberis

164 352 288 403 plana
308 355 418 392 urbis
436 358 696 405 stagnaverat
709 370 720 404 3
748 356 995 406 relabentem
1013 361 1147 395 secuta
1165 362 1228 396 est
1245 359 1511 398 aedificiorum

163 417 203 452 et
241 415 446 453 hominum
487 421 655 467 strages.
723 418 858 468 Igitur
896 419 1051 456 censuit
1090 420 1255 458 Asinius
1291 421 1432 459 Gallus
1463 425 1510 460 ut

162 476 256 514 libri
285 477 470 528 Sibyllini
497 479 719 518 adirentur.
777 480 932 518 Renuit
960 481 1154 530 Tiberius,
1181 483 1345 533 perinde
1376 484 1512 522 divina

123 545 143 580 5
163 538 421 589 humanaque
467 541 658 592 obtegens
670 555 682 589 5
720 542 795 586 ,sed
831 542 1050 580 remedium
1095 545 1299 583 coercendi
1335 545 1510 583 fluminis

163 601 285 639 Ateio
318 602 506 652 Capitoni
537 608 579 642 et
612 604 656 642 L.
674 596 890 642 ‘Arruntio
923 606 1175 644 mandatum.
1231 607 1431 646 Achaiam
1463 621 1510 646 ac

164 664 442 702 Macedoniam
455 679 577 704 onera
589 666 838 717 deprecantis
850 667 977 705 levari
987 668 1031 705 in
1043 681 1230 718 praesens
1240 670 1511 720 proconsulari

162 725 328 775 imperio
360 727 545 777 tradique
582 728 745 766 Caesari
782 729 948 779 placuit.
1006 730 1179 769 Edendis
1210 731 1509 782 gladiatoribus,

162 800 261 837 quos
293 788 518 827 Germanici
551 790 692 828 fratris
723 804 770 828 ac
802 804 873 828 suo
907 792 1066 830 nomine
1103 793 1319 840 obtulerat,
1352 794 1510 832 Drusus

105 859 146 884 10
164 850 376 900 praesedit,
410 864 656 902 quamquam
685 853 756 890 vili
785 853 979 903 sanguine
1012 854 1131 892 nimis
1159 855 1361 905 gaudens3
1403 855 1510 906 quod

163 912 206 949 in
236 912 379 962 vulgus
406 913 704 952 formidolosum
732 919 773 952 et
801 919 918 965 pater
946 916 1123 965 arguisse
1153 917 1371 956 dicebatur.
1427 917 1510 956 Gur

162 974 405 1013 abstinuerit
441 977 665 1026 spectaculo
700 977 794 1026 ipse,
834 979 944 1015 varie
979 978 1200 1016 trahebant
1212 993 1223 1027 3
1265 979 1336 1016 alii
1370 979 1504 1017 taedio

162 1039 307 1084 coetus,
328 1037 489 1086 quidam
509 1038 677 1075 tristitia
704 1039 856 1088 ingenii
886 1042 928 1076 et
955 1043 1067 1076 metu
1086 1040 1390 1090 conparationis,
1409 1041 1507 1091 quia

162 1099 373 1148 Augustus
402 1100 567 1138 comiter
595 1100 856 1139 interfuisset.
915 1101 1010 1138 Non
1042 1101 1274 1139 crediderim
1302 1102 1355 1139 ad
1380 1106 1509 1140 osten-

103 1173 141 1209 15
162 1161 327 1198 tandam
347 1162 557 1200 saevitiam
576 1162 866 1212 movendasque
880 1163 1017 1213 populi
1035 1163 1268 1201 offensiones
1285 1177 1509 1202 concessam

162 1222 243 1259 filio
261 1224 481 1272 materiem,
501 1238 746 1275 quamquam
765 1225 806 1263 id
825 1237 982 1275 quoque
1001 1225 1153 1263 dictum
1173 1229 1244 1263 est.

217 1347 443 1386 LXXVII.
490 1349 550 1386 At
587 1349 740 1386 theatri
787 1348 959 1395 licentia,
997 1349 1177 1398 proximo
1221 1349 1355 1399 priore
1395 1362 1505 1388 anno

162 1412 310 1458 coepta,
344 1410 507 1459 gravius
538 1414 627 1448 tum
657 1410 802 1460 erupit,
831 1410 965 1448 occisis
1004 1423 1083 1447 non
1111 1410 1226 1448 modo
1253 1424 1276 1449 e
1302 1411 1417 1461 plebe
1443 1415 1505 1450 set

162 1471 357 1508 militibus
394 1476 435 1509 et
471 1473 716 1520 centurione,
751 1473 960 1509 vulnerato
989 1472 1153 1509 tribuno
1181 1473 1406 1522 praetoriae
1447 1486 1508 1512 co-

161 1532 300 1579 hortis,
335 1533 429 1570 dum
460 1534 606 1584 probra
635 1534 677 1571 in
708 1534 971 1584 magistratus
999 1538 1041 1571 et
1077 1533 1359 1572 dissensionem
1391 1534 1505 1587 vulgi

121 1605 141 1642 5
162 1594 386 1644 prohibent.
443 1596 595 1633 Actum
626 1595 674 1633 de
710 1609 758 1633 ea
794 1595 986 1634 seditione
1015 1595 1122 1645 apud
1159 1599 1295 1646 patres
1326 1596 1506 1635 diceban—

162 1661 308 1707 turque
327 1659 551 1695 sententiae
570 1661 617 1695 ut
637 1658 887 1708 praetoribus
905 1659 967 1695 ius
984 1659 1191 1708 virgarum
1218 1658 1262 1695 in
1289 1658 1504 1696 histriones

161 1722 274 1756 esset.
332 1719 565 1757 Intercessit
585 1720 782 1757 Haterius
798 1719 984 1769 Agrippa
1003 1720 1192 1757 tribunus
1219 1720 1347 1770 plebei
1374 1719 1499 1764 incre-

161 1779 348 1830 pitusque
378 1785 438 1818 est
470 1781 604 1818 Asinii
637 1781 744 1818 Galli
776 1781 966 1827 oratione,
995 1781 1136 1818 silente
1163 1781 1331 1829 Tiberio,
1358 1782 1429 1832 qui
1455 1794 1503 1819 ea

162 1842 376 1879 simulacra
422 1844 620 1881 libertatis
666 1844 823 1880 senatui
870 1843 1097 1893 praebebat.
1173 1844 1318 1881 Valuit
1363 1847 1501 1882 tamen

102 1922 144 1946 10
162 1905 402 1952 intercessio,
435 1906 530 1954 quia
560 1906 674 1943 divus
703 1906 913 1955 Augustus
950 1905 1146 1943 immunes
1179 1906 1388 1944 verberum
1424 1906 1506 1944 his-

163 1967 313 2004 triones
340 1968 540 2017 quondam
569 1967 838 2017 responderat,
860 1979 988 2017 neque
1015 1966 1076 2004 fas
1104 1967 1259 2004 Tiberio
1283 1966 1506 2018 infringere

163 2027 269 2066 dicta
288 2028 382 2065 eius.
432 2029 494 2066 De
513 2029 627 2065 modo
646 2029 792 2065 lucaris
811 2032 851 2066 et
870 2028 1062 2065 adversus
1079 2028 1284 2066 lasciviam
1298 2028 1504 2066 fautorum

165 2090 298 2127 multa
331 2089 624 2138 decernuntur3
666 2103 716 2127 ex
747 2090 836 2140 quis
867 2090 1041 2127 maxime
1072 2090 1257 2140 insignia,
1290 2102 1342 2128 ne
1370 2089 1505 2128 domos

162 2152 501 2201 pantomimorum
516 2156 676 2189 senator
694 2152 893 2199 introiret,
909 2163 960 2188 ne
975 2151 1220 2201 egredientes
1239 2152 1282 2189 in
1300 2151 1504 2202 publicum

102 2227 141 2262 15
161 2213 314 2262 equites
343 2213 517 2250 Romani
544 2214 748 2263 cingerent
776 2217 847 2250 aut
875 2213 970 2250 alibi
997 2225 1118 2262 quam
1147 2212 1189 2250 in
1217 2213 1379 2250 theatro
1396 2224 1502 2262 spec-

162 2278 360 2322 tarentur,
399 2279 439 2312 et
485 2274 752 2324 spectantium
799 2274 1088 2311 immodestiam
1137 2274 1256 2312 exilio
1302 2270 1504 2312 multandi
1550 2270 1551 2273 ¹

163 2339 340 2385 potestas
367 2336 621 2386 praetoribus
647 2337 772 2372 fieret.
807 2378 815 2389 Ι
