1664 2540
137 160 188 197 42
619 173 800 211 merrus,
827 173 993 204 ANNALS.

138 265 262 303 Hunc
289 279 445 316 quoque
473 279 709 316 asperavere
736 267 917 306 carmina
944 268 1107 307 incertis
1133 270 1364 308 auctoribus
1395 270 1479 308 vul-

136 330 235 377 gata
270 330 314 365 in
350 329 558 366 saevitiam
595 329 903 380 superbiamque
939 331 1024 368 eius
1060 334 1102 369 et
1139 331 1355 370 discordem
1385 345 1477 370 cum

136 394 267 428 matre
294 391 486 430 animum.

714 542 723 559 1

190 577 397 616 LXXIII.
429 578 551 616 Haud
584 579 736 629 pigebit
768 579 919 618 referre
950 581 993 618 in
1031 581 1199 619 Falanio
1230 585 1272 619 et
1309 581 1476 629 Rubrio,
1517 623 1520 624 ⁷

134 640 296 678 modicis
314 640 516 690 equitibus
535 622 740 695 Romaifis,
756 646 1052 693 praetemptata
1070 643 1248 691 crimina,
1264 646 1312 681 ut
1330 643 1476 693 quibus

133 702 271 750 initiis,
291 706 447 752 quanta
466 703 613 740 Tiberii
640 707 730 741 arte
756 704 1035 753 gravissimum
1063 705 1231 742 exitium
1249 704 1474 755 inrepserit,

133 764 224 802 dein
252 777 476 814 repressum
503 764 568 812 sit,
588 767 788 814 postremo
806 765 949 804 arserit
974 770 1198 816 cunctaque
1223 765 1483 817 corripuerit„

93 830 112 865 5
134 829 331 863 noscatur.
389 826 557 864 Falanio
585 826 781 864 obiciebat
808 831 1024 876 accusator,
1045 828 1149 878 quod
1167 828 1276 866 inter
1302 827 1474 866 cultores

133 888 323 938 Augusti,
360 888 429 938 qui
469 901 541 939 per
585 901 721 927 omnes
756 889 890 934 domos
934 890 976 928 in
1022 890 1182 928 modum
1219 890 1473 941 collegiorum

133 949 402 997 habebantur,
436 950 615 987 Cassium
647 950 847 1000 quendam
883 952 1050 990 mimum
1086 965 1248 1003 corpore
1278 951 1473 990 infamem

132 1011 362 1049 adscivisset
381 1012 563 1062 quodque
590 1012 762 1050 venditis
789 1013 918 1051 hortis
944 1018 1125 1052 statuam
1151 1015 1329 1065 Augusti
1353 1013 1473 1053 simul

131 1073 410 1123 mancipasset.
478 1074 633 1112 Rubrio
664 1075 821 1112 crimini
857 1075 1032 1113 dabatur
1067 1076 1261 1114 violatum
1298 1076 1473 1127 periurio

70 1146 113 1170 10
131 1148 282 1173 numen
311 1136 500 1186 Augusti.
557 1136 668 1182 Quae
701 1137 770 1174 ubi
802 1136 959 1176 Tiberio
986 1142 1164 1186 notuere,
1195 1139 1352 1189 scripsit
1378 1151 1470 1177 con-

130 1198 283 1236 sulibus
302 1212 382 1236 non
400 1198 486 1236 ideo
505 1198 707 1236 decretum
726 1200 836 1249 patri
853 1212 925 1237 suo
942 1200 1108 1247 caelum,
1129 1204 1177 1238 ut
1194 1201 1238 1238 in
1255 1201 1470 1251 perniciem
1511 1201 1520 1204 ”

129 1261 277 1298 civium
309 1260 343 1298 is
375 1260 502 1298 honor
533 1264 770 1299 verteretur.
827 1261 1013 1299 Cassium
1041 1262 1277 1301 histrionem
1307 1262 1470 1301 solitum

127 1324 237 1360 inter
255 1323 353 1361 alios
371 1323 545 1361 eiusdem
574 1324 676 1361 artis
702 1324 894 1361 interesse
912 1324 1029 1371 ludis,
1049 1337 1148 1374 quos
1166 1328 1298 1362 mater
1325 1337 1398 1363 sua
1425 1324 1470 1362 in

126 1387 361 1424 memoriam
393 1386 574 1436 Augusti
605 1389 796 1423 sacrasset
808 1400 819 1433 3
859 1399 930 1424 nec
962 1390 1103 1424 contra
1132 1387 1343 1437 religiones
1369 1387 1468 1435 fieri,

65 1453 103 1490 15
125 1448 228 1498 quod
247 1448 393 1498 effigies
412 1448 506 1494 eius,
527 1452 575 1485 ut
603 1448 682 1485 alia
701 1446 914 1484 nuininum
933 1448 1155 1494 simulacra,
1178 1448 1470 1485 venditionibus

123 1510 330 1548 hortorum
369 1513 410 1547 et
447 1509 637 1546 domuum
675 1508 875 1546 accedant.
946 1509 1018 1547 Ius
1052 1509 1266 1547 iurandum
1304 1509 1468 1559 perinde

123 1571 416 1609 aestimandum
445 1584 567 1620 quam
601 1570 634 1608 si
667 1571 804 1607 Iovem
837 1569 1066 1610 fefellisset:
1106 1571 1267 1609 deorum
1297 1571 1466 1609 iniurias

123 1633 183 1670 dis
209 1645 338 1671 curae.

175 1804 376 1842 LXXIV.
406 1804 491 1841 Nec
510 1804 638 1841 multo
657 1807 746 1853 post
765 1804 961 1842 Granium
979 1804 1216 1842 Marcellum
1236 1808 1463 1855 praetorem

120 1865 338 1914 Bithyniae
357 1868 543 1914 quaestor
563 1865 687 1914 ipsius
707 1865 853 1914 Caepio
868 1865 1073 1914 Crispinus
1091 1866 1313 1903 maiestatis
1330 1869 1462 1916 postu-

118 1927 231 1974 lavit,
270 1927 540 1964 subscribente
574 1926 757 1963 Romano
791 1925 995 1975 Hispone:
1037 1927 1107 1976 qui
1144 1926 1316 1965 formam
1354 1927 1462 1965 vitae

118 1988 209 2025 iniit
228 2001 348 2038 quam
369 1991 505 2038 postea
525 1987 719 2025 celebrem
745 1988 927 2025 miseriae
949 1991 1175 2038 temporum
1202 1991 1245 2026 et
1271 1987 1462 2026 audaciae

78 2066 97 2100 5
118 2050 325 2087 hominum
362 2050 556 2087 fecerunt.
631 2050 741 2087 Nam
779 2061 909 2099 egens,
948 2050 1121 2099 ignotus,
1158 2051 1326 2100 inquies,
1363 2050 1460 2088 dum

117 2112 281 2150 occultis
309 2112 451 2149 libellis
479 2111 671 2149 saevitiae
702 2111 891 2161 principis
921 2111 1090 2161 adrepit,
1119 2124 1213 2149 mox
1244 2111 1460 2150 clarissimo

116 2174 256 2223 cuique
288 2173 510 2223 periculum
543 2173 717 2220 facessit,
750 2174 970 2222 potentiam
1009 2173 1117 2223 apud
1154 2184 1293 2221 unum,
1325 2173 1458 2211 odium

116 2236 222 2286 apud
267 2235 394 2272 omnis
440 2235 609 2284 adeptus
654 2235 762 2272 dedit
808 2234 1046 2284 exemplum,
1089 2235 1194 2285 quod
1239 2235 1364 2273 secuti
1408 2247 1458 2272 ex

115 2297 356 2347 pauperibus
383 2296 536 2343 divites,
558 2310 608 2334 ex
636 2296 875 2346 contemptis
898 2297 1101 2334 metuendi
1128 2296 1340 2347 perniciem
1368 2296 1458 2334 aliis

55 2373 97 2397 10
113 2373 160 2397 ac
187 2364 430 2409 postremum
460 2358 532 2395 sibi
560 2358 759 2396 invenere.
786 2382 794 2393 .
817 2358 892 2396 Sed
926 2358 1164 2396 Marcellum
1194 2357 1456 2397 insimulabat
