1664 2540
142 173 192 211 38
622 185 802 220 umerus,
832 185 1001 212 ANNALs.

140 278 353 328 eodemque
386 279 533 316 iterum
571 278 657 316 fato
687 278 816 316 victae
851 278 1024 329 legiones
1040 280 1047 316 !
1061 277 1080 294 ''
1137 278 1264 316 Simul
1301 277 1409 326 haec,
1439 280 1481 316 et

139 355 230 379 cum
248 342 407 380 delectis
425 342 568 380 scindit
586 355 732 392 agmen
745 342 934 392 equisque
953 342 1128 380 maxime
1139 342 1307 380 vulnera
1318 340 1479 392 ingerit.

140 404 210 442 Illi
245 405 441 455 sanguine
475 418 546 442 suo
582 408 623 442 et
658 404 812 442 lubrico
846 404 1039 454 paludum
1076 404 1278 454 lapsantes
1309 397 1482 441 excussis

139 466 358 504 rectoribus
395 466 556 504 disicere
594 467 738 514 obvios,
776 469 979 516 proterere
1014 467 1201 504 iacentes.
1276 465 1480 503 Plurimus

77 535 122 560 20
139 528 242 566 circa
270 528 425 578 aquilas
452 528 576 576 labor,
596 541 697 578 quae
725 541 852 578 neque
879 528 977 566 ferri
1005 528 1220 566 adversum
1247 522 1480 577 ingruentia

138 590 221 628 tela
249 603 377 640 neque
404 591 473 640 figi
499 590 640 628 limosa
668 590 790 627 humo
818 593 1020 640 poterant.
1077 589 1248 627 Caecina
1274 589 1370 626 dum
1397 601 1480 626 sus-

137 652 438 708 tentat·aciem,
468 653 630 690 suffosso
662 665 762 703 equo
791 651 975 701 delapsus
1006 651 1405 698 circumveniebatur,
1434 649 1484 687 ni'

137 715 268 764 prima
285 715 387 764 legio
406 727 488 752 sese
506 715 762 765 opposuisset.
806 714 919 751 Iuvit
938 713 1113 751 hostium
1133 713 1317 761 aviditas,
1337 712 1480 750 omissa

137 776 254 813 caede
271 776 459 826 praedam
479 777 718 814 sectantium
726 790 737 824 3
760 776 974 826 enisaeque⁴
988 775 1163 826 legiones
1180 775 1479 825 vesperascente

75 847 117 884 25
136 837 198 874 die
210 837 249 874 in
264 841 406 888 aperta
417 841 459 876 et
470 838 604 876 solida.
636 838 778 888 Neque
789 837 823 875 is
834 837 1085 875 miseriarum
1096 836 1198 874 finis.
1233 835 1477 874 Struendum

135 899 299 947 vallum,
325 900 520 949 petendus
547 913 681 951 agger,
708 899 853 937 amissa
881 912 1028 949 magna
1056 911 1106 936 ex
1133 901 1251 948 parte
1277 895 1354 949 per
1374 910 1478 948 quae

136 962 313 1011 egeritur
332 962 478 1000 humus
495 965 568 1000 aut
587 963 783 1000 exciditur
801 974 970 1011 caespes.
1027 961 1123 999 Non
1145 960 1321 999 tentoria
1347 960 1476 998 mani-

135 1023 250 1074 pulis,
271 1037 351 1061 non
370 1025 550 1062 fomenta
569 1025 735 1073 sauciis;
767 1025 936 1062 infectos
963 1037 1085 1062 caeno
1113 1026 1188 1061 aut
1214 1035 1353 1061 cruore
1370 1022 1485 1060 cibos-

135 1086 366 1134 dividentes,
375 1087 556 1124 funestas
573 1087 761 1125 tenebras
788 1091 829 1125 et
857 1090 919 1124 tot
938 1087 1146 1124 hominum
1166 1085 1327 1123 milibus
1346 1097 1472 1123 unum

69 1159 117 1194 30
134 1148 215 1185 iam
233 1140 431 1198 reliquum
451 1149 554 1186 diem
574 1149 911 1186 lamentabantur.

189 1297 343 1334 LXVI.
375 1297 494 1335 Forte
522 1309 647 1347 equus
674 1296 858 1347 abruptis
886 1296 1053 1334 vinculis
1081 1308 1186 1346 vagu
1227 1299 1274 1334 vet
1303 1295 1474 1334 clamore
1511 1297 1514 1300 ⁴

133 1360 301 1396 territus
337 1359 526 1409 quosdam
563 1359 856 1396 occurrentium
893 1358 1138 1396 obturbavit.
1176 1309 1346 1395 granta
1381 1357 1474 1395 inde

134 1422 404 1460 consternatio
448 1422 646 1472 inrupisse
682 1422 903 1459 Germanos
948 1421 1207 1469 credentium,
1246 1423 1294 1458 ut
1339 1420 1474 1457 cuncti

133 1488 298 1522 ruerent
329 1485 378 1522 acl
411 1487 559 1534 portas,
588 1497 760 1534 quarum
793 1484 1013 1521 decumana
1041 1483 1215 1521 maxime
1246 1482 1472 1533 petebatur,

94 1557 113 1593 5
133 1558 274 1583 aversa
293 1546 399 1583 hosti
417 1549 458 1583 et
477 1545 724 1595 fugientibus
743 1546 880 1583 tutior.
923 1545 1092 1583 Caecina
1111 1548 1310 1595 comperto
1326 1556 1472 1600 vanam

133 1621 215 1645 esse
240 1607 504 1655 formidinem,
525 1621 615 1645 cum
643 1611 781 1645 tamen
809 1620 936 1657 neque
963 1607 1203 1645 auctoritate
1230 1619 1358 1657 neque
1384 1618 1471 1656 pre-

133 1669 254 1716 cibus,
268 1682 317 1707 ne
336 1683 460 1706 manu
474 1670 631 1720 quidem
652 1669 840 1707 obsistere
858 1673 930 1707 aut
948 1670 1120 1707 retinere
1138 1669 1306 1707 militem
1325 1668 1471 1718 quiret,

133 1731 330 1781 proiectus
359 1731 402 1768 in
431 1731 569 1768 limine
605 1735 743 1781 portae
779 1731 1033 1769 miseratione
1069 1731 1239 1778 demum,
1269 1729 1366 1780 quia
1401 1741 1474 1779 per

133 1806 274 1843 corpus
293 1793 416 1842 legati
435 1793 610 1831 eundum
633 1797 733 1840 erat,
754 1793 897 1831 clausit
917 1793 1035 1831 viam.
1093 1792 1219 1830 Simul
1246 1791 1403 1830 tribuni
1429 1793 1472 1828 et

74 1870 115 1894 10
132 1855 383 1893 centuriones
402 1855 549 1892 falsum
569 1868 754 1906 pavorem
774 1869 856 1894 esse
875 1856 1105 1893 docuerunt.

187 1996 367 2033 LXVII.
398 1996 509 2033 Tunc
546 2001 771 2034 contractos
814 1996 856 2033 in
893 1995 1086 2046 principia
1122 1995 1324 2045 iussosque
1363 1993 1470 2032 dicta

132 2071 221 2094 cum
241 2057 398 2094 silentio
417 2058 592 2107 accipere
610 2058 800 2107 temporis
817 2071 861 2095 ac
880 2057 1125 2095 necessitatis
1144 2060 1289 2095 monet.
1332 2048 1472 2094 Unam

131 2120 174 2156 in
194 2119 316 2156 armis
334 2120 514 2166 salutem,
535 2119 601 2156 sed
620 2132 664 2156 ea
685 2119 846 2156 consilio
870 2119 1131 2169 temperanda
1150 2117 1473 2167 manendumque

131 2182 241 2218 intra
278 2180 443 2227 vallum,
476 2181 597 2218 donec
633 2181 889 2231 expugnandi
926 2180 1057 2218 hostes
1087 2193 1154 2230 spe
1185 2179 1347 2230 propius
1382 2191 1467 2216 suc-

90 2258 110 2295 5
131 2243 314 2280 cederent
326 2256 337 2290 3
384 2256 476 2279 mox
508 2242 683 2292 undique
716 2242 1026 2292 erumpendum:
1071 2241 1142 2279 illa
1174 2241 1382 2291 eruptione
1417 2240 1472 2278 ad

131 2307 319 2344 Rhenum
352 2306 561 2355 perveniri.
619 2305 731 2351 Quod
760 2306 793 2342 si
825 2305 1023 2356 fugerent,
1055 2305 1180 2355 pluris
1216 2305 1348 2351 silvas,
1379 2307 1483 2353 pro-‘

130 2368 274 2405 fundas
310 2367 435 2417 magis
472 2367 646 2417 paludes,
685 2366 894 2404 saevitiam
934 2367 1108 2404 hostium
1145 2377 1371 2416 superesse3
1421 2367 1467 2402 at
