1664 2540
176 155 227 193 34
658 166 835 204 monus,
865 166 1033 195 ANNALS.

227 325 341 364 LIX.
373 326 499 363 Fama
527 326 652 364 dediti
679 325 927 376 benigneque
954 325 1109 376 excepti
1138 325 1309 377 Segestis
1334 326 1516 377 vulgata,

172 390 219 424 ut
246 387 469 438 quibusque
498 388 646 426 bellum
674 388 811 426 invitis
838 391 912 426 aut
944 388 1198 438 cupientibus
1225 391 1327 437 erat,
1354 401 1425 439 spe
1452 389 1515 428 vel

170 448 303 487 dolore
321 450 527 500 accipitur.
574 451 808 488 Arminium
827 463 947 500 super
965 450 1129 488 insitam
1148 451 1380 489 violentiam
1397 454 1515 502 rapta

170 524 283 558 uxor,
313 512 515 550 subiectus
547 512 708 551 servitio
735 513 870 550 uxoris
898 516 1038 550 uterus
1067 513 1296 551 vaecordem
1323 514 1512 563 agebant,

129 587 149 623 5
169 573 444 624 volitabatque
480 587 551 624 per
584 574 814 621 Cheruscos,
849 587 964 611 arma
1001 574 1044 611 in
1077 574 1291 624 Segestem,
1322 588 1438 613 arma.
1467 575 1512 614 in

168 634 375 672 Caesarem
408 649 581 686 poscens.
637 637 781 686 Neque
811 635 966 686 probris
998 637 1270 686 temperabat:
1307 637 1511 687 egregium

167 700 339 747 patrem,
365 710 557 747 magnum
585 699 880 749 imperatorem,
906 697 1051 735 fortem
1078 699 1312 747 exercitum,
1339 712 1509 749 quorum

167 762 228 796 tot
247 771 390 796 manus
409 772 532 796 unam
553 759 831 797 mulierculam
850 758 1072 797 avexerint.
1121 759 1205 797 Sibi
1223 763 1307 798 tres
1324 760 1509 810 legiones,

165 820 334 857 totidem
352 821 504 870 legatos
531 821 785 870 procubuisse
797 834 808 868 3
836 833 919 858 non
944 820 1050 858 enim
1075 833 1116 858 se
1140 821 1362 871 proditione
1380 834 1510 872 neque

105 896 148 921 10
165 882 355 919 adversus
391 881 564 919 feminas
599 882 794 931 gravidas,
828 882 897 919 sed
933 882 1069 931 palam
1106 882 1296 920 adversus
1331 886 1510 922 armatos

165 943 313 980 bellum
341 947 530 981 tractare.
589 943 709 980 Cerni
736 943 867 980 adhuc
886 943 1178 980 Germanorum
1200 943 1244 980 in
1270 944 1371 982 lucis
1392 944 1508 995 signa

164 1004 362 1052 Romana,
402 1017 503 1054 quae
539 1004 600 1042 dis
636 1005 777 1055 patriis
813 1003 1076 1053 suspenderit.
1133 1004 1291 1042 Coleret
1329 1005 1508 1055 Segestes

163 1066 312 1103 victam
344 1067 487 1116 ripam,
521 1067 705 1104 redderet
734 1066 816 1103 filio
848 1065 1112 1103 sacerdotium
1145 1067 1374 1105 hominum:
1407 1067 1506 1105 Ger-

163 1139 302 1164 manos
332 1140 554 1178 numquam
586 1128 685 1165 satis
716 1128 985 1174 excusaturos,
1015 1127 1120 1177 quod
1152 1127 1260 1165 inter
1290 1128 1432 1166 Albim
1464 1132 1506 1166 et

102 1192 142 1229 Ι5
163 1188 352 1226 Rhenum
367 1190 501 1240 virgas
519 1193 560 1226 et
578 1202 733 1226 secures
748 1192 789 1226 et
808 1193 945 1238 togam
963 1189 1147 1228 viderint.
1196 1189 1302 1227 Aliis
1319 1190 1507 1239 gentibus

161 1251 391 1300 ignorantia
423 1251 564 1300 imperi
593 1251 767 1288 Romani
794 1250 1004 1300 inexperta
1032 1262 1114 1287 esse
1140 1251 1344 1301 supplicia,
1373 1251 1505 1289 nescia

161 1310 342 1359 tributa;
376 1324 479 1361 quae
506 1311 695 1361 quoniam
724 1311 912 1348 exuerint
938 1311 1164 1361 inritusque
1190 1312 1410 1350 discesserit
1435 1312 1505 1351 ille

158 1373 267 1410 inter
297 1374 464 1411 numina
496 1373 653 1411 dicatus
681 1373 904 1423 Augustus,
934 1373 1000 1410 ille
1029 1373 1205 1411 delectus
1231 1374 1422 1422 Tiberius,
1450 1387 1503 1412 ne

157 1435 390 1485 imperitum
419 1434 774 1481 adulescentulum,
795 1446 846 1471 ne
872 1434 1102 1471 seditiosum
1120 1435 1340 1472 exercitum
1366 1448 1502 1486 paves-

94 1501 140 1527 20
157 1500 304 1534 eerent.
356 1497 397 1533 Si
411 1496 588 1546 patriam
607 1499 795 1545 parentes
813 1496 983 1545 antiqua
1002 1496 1170 1534 mallent
1188 1509 1310 1546 quam
1323 1497 1502 1535 dominos

157 1564 198 1599 et
230 1561 404 1599 colonias
436 1574 572 1608 novas,
605 1561 839 1598 Arminium
875 1560 1009 1610 potius
1040 1561 1189 1610 gloriae
1221 1565 1284 1599 ae'
1299 1562 1500 1606 libertatis

156 1637 279 1674 quam
308 1624 509 1673 Segestem
537 1623 758 1673 flagitiosae
784 1622 991 1660 servitutis
1018 1622 1157 1660 ducem
1184 1627 1458 1674 sequerentur.

211 1729 299 1767 LX.
331 1729 486 1766 Conciti
500 1741 570 1779 per
589 1729 686 1766 haec
701 1741 782 1765 non
801 1727 916 1765 modo
936 1727 1123 1765 Cherusci
1142 1728 1209 1766 sed
1227 1729 1500 1767 conterminae

154 1795 305 1841 gentes,
325 1794 561 1839 tractusque
587 1791 630 1827 in
658 1790 786 1840 partis
814 1790 1096 1840 Inguiomerus
1114 1790 1292 1828 Arminii
1313 1793 1497 1840 patruus,

154 1857 290 1891 vetere
326 1853 433 1903 apud
474 1853 678 1890 Romanos
714 1853 982 1899 auctoritate3
1030 1852 1135 1889 unde
1171 1852 1299 1889 maior
1335 1852 1498 1890 Caesari

154 1918 296 1952 metus.
355 1914 410 1950 Et
438 1927 488 1951 ne
513 1914 661 1951 bellum
690 1914 791 1951 mole
816 1926 900 1950 una
926 1914 1145 1963 ingrueret,
1165 1913 1378 1952 Caecinam
1404 1927 1496 1952 cum

113 1981 134 2018 5
154 1975 424 2026 quadraginta
467 1975 694 2012 cohortibus
741 1974 935 2012 Romanis
978 1974 1236 2012 distrahendo
1277 1975 1383 2012 hosti
1423 1987 1496 2026 per

154 2038 368 2075 Bructeros
395 2037 448 2074 ad
475 2036 625 2074 flumen
654 2036 849 2074 Amisiam
876 2035 1019 2084 mittit,
1045 2036 1221 2086 equitem
1249 2035 1355 2074 Pedo
1380 2043 1494 2087 prae-

152 2099 282 2137 fectus
318 2098 465 2135 finibus
508 2098 725 2135 Frisiorum
769 2097 890 2135 ducit.
957 2097 1050 2147 Ipse
1090 2097 1283 2147 inpositas
1322 2097 1495 2136 navibus

153 2163 350 2211 quattuor
381 2159 554 2209 legiones
585 2172 656 2209 per
687 2160 798 2197 lacus
829 2159 961 2203 vexit3
999 2159 1195 2209 simulque
1226 2159 1343 2209 pedes
1374 2171 1494 2210 eques

153 2222 286 2259 classis
315 2221 422 2271 apud
451 2221 701 2271 praedictum
730 2233 889 2258 amnem
920 2233 1148 2258 convenere.
1217 2220 1368 2258 Chauci
1399 2233 1491 2258 cum

94 2293 136 2318 10
153 2284 302 2321 auxilia
329 2283 622 2333 pollicerentur,
652 2283 695 2319 in
728 2282 1007 2319 commilitium
1036 2282 1178 2319 adsciti
1205 2285 1312 2320 sunt.
1369 2281 1491 2319 Bruc-

153 2350 259 2384 teros
286 2358 359 2383 sua
386 2346 542 2384 urentis
569 2344 764 2396 expedita,
781 2357 873 2384 cum
901 2356 1026 2383 manu
1054 2345 1100 2383 L.
1126 2343 1343 2383 Stertinius
1369 2344 1491 2383 missu
