1664 2540
562 222 668 250 noos
696 223 738 259 1.‚
767 222 907 250 cffloes.
936 211 973 259 9,
1005 211 1065 249 10.
1457 208 1481 246 7

204 368 283 407 ΙΧ.
312 367 470 405 Multus
487 367 579 405 hinc
606 367 690 417 ipso
717 365 766 404 de
793 366 979 416 Augusto
996 376 1137 411 sermo,
1159 364 1358 415 plerisque
1374 376 1481 402 vana

151 431 392 470 mirantibus
406 430 513 481 quod
530 430 634 468 idem
648 430 731 468 dies
744 429 895 479 accepti
908 427 1107 479 quondam
1125 428 1281 478 imperii
1299 428 1483 478 princeps

125 497 192 540 ,et
209 493 316 531 vitae
332 505 551 543 supremus,
569 492 674 542 quod
691 491 822 529 Nolae
847 491 892 528 in
918 490 1033 528 domo
1059 494 1102 528 et
1127 490 1308 528 cubiculo
1334 490 1378 527 in
1404 502 1483 540 quo

150 558 266 605 pater
288 554 373 592 eius
390 553 580 591 Octavius
596 554 723 590 vitam
750 552 953 589 finivisset.
1010 551 1364 605 Nmerm‘eQm
1390 564 1481 589 con·

149 616 354 654 sulatuum
372 615 656 662 celebrabatur,
668 627 747 664 quo
764 613 974 651 Valerium
993 613 1166 651 Corvum
1185 616 1227 651 et
1246 613 1288 651 C.
1302 612 1482 650 Marium
1523 624 1544 660 5

149 677 268 716 simul
284 668 540 727 aequaverat,
560 676 794 723 continuata
820 687 891 725 per
917 678 1070 725 septem
1096 678 1139 713 et
1166 674 1337 724 triginta
1355 687 1484 712 annos

149 739 364 778 tribunicia
381 742 568 790 potestas,
587 751 731 776 nomen
757 737 1011 788 imperatoris
1037 737 1158 774 semel
1184 740 1309 787 atque
1337 737 1486 775 viciens

71 787 107 849 Ἴ,
148 805 312 852 partum
337 801 493 850 aliaque
516 800 710 838 honorum
735 799 999 850 multiplicata
1016 803 1091 837 aut
1117 811 1232 837 nova.
1288 800 1348 836 At
1375 798 1532 854 apud

147 862 365 913 prudentes
391 862 477 900 vita
503 862 588 900 eius
613 862 724 899 varic
755 860 1023 898 extollebatur
1055 860 1365 930 arguebatur-ze.
1424 860 1483 898 Hi

47 924 59 947 f
71 914 118 943 ’μ’
148 925 299 975 pietate
315 935 412 973 erga
429 927 638 973 parentgm
667 927 708 960 et
733 921 1021 960 necessitudine
1038 922 1097 959 rei
1115 922 1311 972 publicae,
1332 922 1376 960 in
1402 935 1482 973 qua
1505 936 1548 963 10

150 976 286 1037 nullus
320 990 417 1024 tune
452 985 605 1035 legibus
639 985 757 1031 locus,
790 984 842 1022 ad
878 997 992 1022 arma
1028 984 1163 1022 civilia
1199 988 1348 1031 actum,
1380 997 1483 1035 quae

102 1087 104 1089 ,
148 1059 277 1100 neque
294 1047 431 1098 parari
448 1051 606 1098 possent
624 1059 751 1097 neque
779 1046 919 1084 haberi
937 1059 1009 1096 per
1025 1046 1148 1093 bonas
1167 1050 1287 1084 artes.
1345 1046 1483 1084 Multa

147 1108 339 1156 Antonio,
354 1108 449 1146 dum
467 1107 741 1146 interfectores
759 1108 885 1158 patris
899 1100 1172 1154 ulcisceretufi
1182 1107 1313 1145 multa
1328 1107 1477 1158 Lepido

147 1170 389 1208 concessisse.
427 1170 645 1220 Postquam
658 1170 723 1207 hic
740 1169 917 1207 socordia
931 1159 1121 1216 senuerit,
1135 1168 1203 1206 ille
1216 1181 1288 1219 per
1298 1169 1482 1211 libidines
1543 1177 1566 1186 ⁸
1651 1206 1664 1222 χ,

148 1244 306 1282 pessum
332 1231 449 1268 datus
475 1231 540 1278 sit,
560 1243 641 1268 non
667 1231 776 1268 aliud
803 1230 1237 1281 discordantisjaffiae
1263 1230 1480 1268 remedium
1503 1245 1543 1280 15
1636 1234 1638 1237 ’

113 1293 269 1336 ω
286 1305 404 1346 quam
424 1296 470 1330 ut
497 1293 549 1330 ab
575 1305 656 1331 uno
674 1296 890 1342 regeretur.
946 1291 1042 1329 Non
1059 1303 1181 1341 regno
1198 1296 1335 1330 tamen
1353 1306 1481 1343 neque

146 1354 360 1402 dictatura,
378 1355 446 1392 scd
472 1354 663 1404 principis
678 1354 839 1391 nomine
865 1354 1126 1391 constitutam
1153 1366 1237 1391 rem
1266 1355 1479 1405 publicam,

146 1416 250 1454 mari
277 1415 434 1455 Oceano
465 1420 538 1454 aut
566 1415 750 1453 amnibus
778 1415 1005 1465 longinquis
1036 1419 1221 1466 saeptum
1252 1416 1476 1467 imperium.

148 1477 352 1527 Legiones,
383 1477 617 1527 provincias,
649 1478 802 1524 classes,
831 1482 976 1515 cuncta
1006 1477 1118 1524 inter>
1136 1490 1179 1515 se
1204 1491 1354 1516 conexa
1364 1492 1377 1527 ;
1417 1481 1480 1516 ius

147 1538 254 1589 apud
272 1539 385 1586 cives,
405 1539 635 1577 modestiam
664 1539 773 1589 apud
799 1539 932 1586 socios,
951 1539 1092 1577 urbem
1118 1539 1248 1590 ipsam
1273 1541 1480 1590 magnifico
1498 1551 1544 1576 20

147 1603 318 1648 ornatu3
336 1612 465 1651 pauca
482 1600 694 1638 admodum
712 1600 753 1638 vi
770 1604 960 1648 tractata,
978 1613 1057 1651 quo
1075 1601 1218 1639 ceteris
1235 1602 1348 1651 quies
1365 1606 1477 1640 esset.
1599 1603 1614 1654 J

1536 1659 1594 1692 s

87 1692 115 1705 s-

57 1754 94 2014 N

200 1726 255 1764 X.
283 1725 501 1764 Dicebatur
513 1730 675 1764 contra:
694 1726 884 1776 pietatem
898 1738 994 1776 erga
1011 1730 1220 1776 parentem
1238 1731 1280 1765 et
1297 1731 1479 1777 tempora

146 1786 206 1823 rei
231 1786 412 1836 publicae
438 1786 620 1824 obtentui
645 1790 821 1836 sumpta,
840 1790 1015 1824 ceterum
1040 1787 1225 1838 cupidine
1250 1788 1479 1827 dominandi

145 1848 319 1886 concitos
335 1860 406 1898 per
423 1839 675 1897 largitionem
694 1851 914 1895 veteranos,
934 1852 1125 1898 paratum
1150 1849 1203 1887 ab
1227 1849 1479 1888 adulescente

145 1909 305 1958 privato
332 1909 561 1957 exercitum,
590 1914 801 1960 corruptas
828 1910 1219 1960 consuhQchionae,
1246 1911 1477 1949 simulatam

59 1969 64 1979 ⁵
146 1970 478 2021 Pompeianarum
495 1972 668 2022 gratiam
686 1971 877 2022 partium.
934 1971 1033 2009 Mox
1050 1972 1120 2009 ubi
1138 1972 1477 2024 decretquatrum
1518 1985 1542 2023 5

95 2038 100 2076 ξ
145 2031 272 2070 fasces
302 2037 344 2070 et
374 2034 437 2071 ius
467 2035 662 2083 praetofis
692 2034 898 2081 invaserit,
931 2033 1053 2071 caesis
1085 2033 1225 2071 Hirtio
1255 2037 1298 2072 et
1330 2034 1476 2081 Pansa,

126 2078 229 2144 (sive
263 2093 387 2132 hostis
416 2095 517 2142 illos,
548 2107 619 2132 seu
646 2095 820 2132 Pansam
853 2107 1051 2132 venenum
1086 2095 1243 2133 vulneri
1277 2095 1476 2143 adfusum,

145 2154 209 2192 sui
234 2154 381 2192 milites
408 2155 592 2193 Hirtium
619 2160 662 2194 et
688 2156 940 2194 machinator
965 2156 1043 2193 doli
1071 2156 1216 2194 Caesar
1238 2152 1490 2204 abstulerat‚)

144 2215 354 2266 utriusque
369 2217 502 2267 copias
518 2229 777 2267 occupavisse.
783 2217 810 2258 ll
833 2218 1051 2255 Extortum
1067 2217 1194 2255 invito
1212 2221 1357 2255 senatu
1382 2231 1474 2255 con-

145 2275 334 2326 sulatum,
352 2290 544 2328 armaque
560 2291 663 2329 quae
689 2278 733 2316 in
759 2278 985 2316 Antonium
1002 2279 1211 2328 acceperit,
1229 2282 1371 2316 contra
1390 2291 1474 2316 rem
1498 2291 1539 2315 10

146 2337 343 2387 publicam
359 2350 497 2387 versa3
523 2339 847 2390 proscriptionem
865 2340 1024 2386 civium,
1043 2339 1254 2377 divisiones
1271 2352 1473 2390 agrorum,

145 2410 198 2446 ne
206 2398 302 2448 ipsis
309 2399 470 2450 quidem
481 2401 551 2451 qui
564 2400 692 2439 fecere
703 2401 897 2439 laudatas.
937 2400 1043 2438 Sane
1055 2401 1182 2439 Cassii
1197 2404 1238 2438 et
1254 2401 1473 2439 Brutorum
