<?xml version="1.0" encoding="UTF-8"?>
<!DOCTYPE html PUBLIC "-//W3C//DTD XHTML 1.0 Transitional//EN"
    "http://www.w3.org/TR/xhtml1/DTD/xhtml1-transitional.dtd">
<html xmlns="http://www.w3.org/1999/xhtml" xml:lang="en" lang="en">
 <head>
  <title>
</title>
<meta http-equiv="Content-Type" content="text/html;charset=utf-8" />
  <meta name='ocr-system' content='tesseract 3.04.00' />
  <meta name='ocr-capabilities' content='ocr_page ocr_carea ocr_par ocr_line ocrx_word'/>
</head>
<body>
  <div class='ocr_page' id='page_1' title='image "annalsicorn00taciuoft_0032.png"; bbox 0 0 1664 2540; ppageno 0'>
   <div class='ocr_carea' id='block_1_1' title="bbox 141 164 996 213">
    <p class='ocr_par' dir='ltr' id='par_1_1' title="bbox 141 164 996 213">
     <span class='ocr_line' id='line_1_1' title="bbox 141 164 996 213; baseline 0.004 -12"><span class='ocrx_word' id='word_1_1' title='bbox 141 164 165 201; x_wconf 91' lang='lat'>8</span> <span class='ocrx_word' id='word_1_2' title='bbox 622 177 799 213; x_wconf 70' lang='lat' dir='ltr'>monus,</span> <span class='ocrx_word' id='word_1_3' title='bbox 828 177 996 204; x_wconf 75' lang='lat' dir='ltr'>ANNALS.</span> 
     </span>
    </p>
   </div>
   <div class='ocr_carea' id='block_1_2' title="bbox 80 268 1518 1624">
    <p class='ocr_par' dir='ltr' id='par_1_2' title="bbox 80 268 1518 1624">
     <span class='ocr_line' id='line_1_2' title="bbox 142 268 1480 319; baseline 0 -13"><span class='ocrx_word' id='word_1_4' title='bbox 142 268 274 306; x_wconf 80' lang='lat' dir='ltr'>exitus</span> <span class='ocrx_word' id='word_1_5' title='bbox 292 268 473 319; x_wconf 86' lang='lat' dir='ltr'>paternis</span> <span class='ocrx_word' id='word_1_6' title='bbox 490 268 708 306; x_wconf 88' lang='lat' dir='ltr'>inimicitiis</span> <span class='ocrx_word' id='word_1_7' title='bbox 733 268 858 316; x_wconf 86' lang='lat' dir='ltr'>datos,</span> <span class='ocrx_word' id='word_1_8' title='bbox 878 281 1123 319; x_wconf 88' lang='lat' dir='ltr'>quamquam</span> <span class='ocrx_word' id='word_1_9' title='bbox 1150 268 1214 306; x_wconf 89' lang='lat' dir='ltr'>fas</span> <span class='ocrx_word' id='word_1_10' title='bbox 1240 268 1293 306; x_wconf 86' lang='lat' dir='ltr'>sit</span> <span class='ocrx_word' id='word_1_11' title='bbox 1319 268 1480 319; x_wconf 86' lang='lat' dir='ltr'>privata</span> 
     </span>
     <span class='ocr_line' id='line_1_3' title="bbox 140 329 1481 381; baseline -0.001 -13"><span class='ocrx_word' id='word_1_12' title='bbox 140 331 228 369; x_wconf 87' lang='lat' dir='ltr'>odia</span> <span class='ocrx_word' id='word_1_13' title='bbox 256 330 423 381; x_wconf 87' lang='lat' dir='ltr'>publicis</span> <span class='ocrx_word' id='word_1_14' title='bbox 448 330 694 367; x_wconf 71' lang='lat' dir='ltr'><strong>utilitatibus</strong></span> <span class='ocrx_word' id='word_1_15' title='bbox 722 330 938 378; x_wconf 74' lang='lat' dir='ltr'><strong>remittere,</strong></span> <span class='ocrx_word' id='word_1_16' title='bbox 958 330 1026 368; x_wconf 87' lang='lat' dir='ltr'>sed</span> <span class='ocrx_word' id='word_1_17' title='bbox 1048 330 1280 380; x_wconf 89' lang='lat' dir='ltr'>Pompeium</span> <span class='ocrx_word' id='word_1_18' title='bbox 1305 329 1481 380; x_wconf 81' lang='lat' dir='ltr'>imagine</span> 
     </span>
     <span class='ocr_line' id='line_1_4' title="bbox 80 392 1479 444; baseline 0 -15"><span class='ocrx_word' id='word_1_19' title='bbox 80 403 119 438; x_wconf 88' lang='lat'>15</span> <span class='ocrx_word' id='word_1_20' title='bbox 141 394 261 443; x_wconf 89' lang='lat' dir='ltr'>pacis,</span> <span class='ocrx_word' id='word_1_21' title='bbox 294 393 361 431; x_wconf 89' lang='lat' dir='ltr'>sed</span> <span class='ocrx_word' id='word_1_22' title='bbox 394 392 590 443; x_wconf 91' lang='lat' dir='ltr'>Lepidum</span> <span class='ocrx_word' id='word_1_23' title='bbox 622 393 748 443; x_wconf 86' lang='lat' dir='ltr'>specie</span> <span class='ocrx_word' id='word_1_24' title='bbox 783 393 983 431; x_wconf 75' lang='lat' dir='ltr'>amicitiae</span> <span class='ocrx_word' id='word_1_25' title='bbox 1020 394 1203 444; x_wconf 86' lang='lat' dir='ltr'>deceptos</span> <span class='ocrx_word' id='word_1_26' title='bbox 1214 406 1226 441; x_wconf 81' lang='lat'>3</span> <span class='ocrx_word' id='word_1_27' title='bbox 1267 396 1358 443; x_wconf 88' lang='lat' dir='ltr'>post</span> <span class='ocrx_word' id='word_1_28' title='bbox 1394 393 1479 429; x_wconf 91' lang='lat' dir='ltr'>An-</span> 
     </span>
     <span class='ocr_line' id='line_1_5' title="bbox 139 455 1482 506; baseline -0.001 -13"><span class='ocrx_word' id='word_1_29' title='bbox 139 457 308 503; x_wconf 90' lang='lat' dir='ltr'>tonium,</span> <span class='ocrx_word' id='word_1_30' title='bbox 327 455 543 494; x_wconf 87' lang='lat' dir='ltr'>Tarentino</span> <span class='ocrx_word' id='word_1_31' title='bbox 564 455 885 506; x_wconf 78' lang='lat' dir='ltr'>Brundisinoque</span> <span class='ocrx_word' id='word_1_32' title='bbox 903 456 1061 494; x_wconf 88' lang='lat' dir='ltr'>foedere</span> <span class='ocrx_word' id='word_1_33' title='bbox 1088 459 1130 494; x_wconf 91' lang='lat' dir='ltr'>et</span> <span class='ocrx_word' id='word_1_34' title='bbox 1157 455 1311 506; x_wconf 88' lang='lat' dir='ltr'>nuptiis</span> <span class='ocrx_word' id='word_1_35' title='bbox 1337 455 1482 493; x_wconf 84' lang='lat' dir='ltr'>sororis</span> 
     </span>
     <span class='ocr_line' id='line_1_6' title="bbox 140 518 1478 570; baseline -0.001 -13"><span class='ocrx_word' id='word_1_36' title='bbox 140 520 345 567; x_wconf 75' lang='lat' dir='ltr'>inlectam,</span> <span class='ocrx_word' id='word_1_37' title='bbox 388 519 573 557; x_wconf 89' lang='lat' dir='ltr'>subdolae</span> <span class='ocrx_word' id='word_1_38' title='bbox 618 519 844 558; x_wconf 85' lang='lat' dir='ltr'>adfinitatis</span> <span class='ocrx_word' id='word_1_39' title='bbox 889 532 1036 570; x_wconf 88' lang='lat' dir='ltr'>poenas</span> <span class='ocrx_word' id='word_1_40' title='bbox 1081 522 1211 557; x_wconf 89' lang='lat' dir='ltr'>morte</span> <span class='ocrx_word' id='word_1_41' title='bbox 1256 518 1478 557; x_wconf 87' lang='lat' dir='ltr'>exsolvisse.</span> 
     </span>
     <span class='ocr_line' id='line_1_7' title="bbox 142 580 1477 631; baseline 0 -12"><span class='ocrx_word' id='word_1_42' title='bbox 142 582 284 620; x_wconf 86' lang='lat' dir='ltr'>Pacem</span> <span class='ocrx_word' id='word_1_43' title='bbox 317 582 401 620; x_wconf 88' lang='lat' dir='ltr'>sine</span> <span class='ocrx_word' id='word_1_44' title='bbox 434 582 551 620; x_wconf 88' lang='lat' dir='ltr'>dubio</span> <span class='ocrx_word' id='word_1_45' title='bbox 583 585 672 631; x_wconf 91' lang='lat' dir='ltr'>post</span> <span class='ocrx_word' id='word_1_46' title='bbox 702 582 811 629; x_wconf 88' lang='lat' dir='ltr'>haec,</span> <span class='ocrx_word' id='word_1_47' title='bbox 844 595 984 620; x_wconf 86' lang='lat' dir='ltr'>verum</span> <span class='ocrx_word' id='word_1_48' title='bbox 1011 595 1053 620; x_wconf 79' lang='lat' dir='ltr'>cl</span> <span class='ocrx_word' id='word_1_49' title='bbox 1055 585 1244 620; x_wconf 89' lang='lat' dir='ltr'>uentam.</span> <span class='ocrx_word' id='word_1_50' title='bbox 1273 580 1477 619; x_wconf 75' lang='lat' dir='ltr'>Lollianas</span> 
     </span>
     <span class='ocr_line' id='line_1_8' title="bbox 141 631 1479 694; baseline -0.001 -13"><span class='ocrx_word' id='word_1_51' title='bbox 141 635 420 694; x_wconf 82' lang='lat' dir='ltr'>Varianasque</span> <span class='ocrx_word' id='word_1_52' title='bbox 448 644 589 691; x_wconf 87' lang='lat' dir='ltr'>clades,</span> <span class='ocrx_word' id='word_1_53' title='bbox 608 643 839 682; x_wconf 85' lang='lat' dir='ltr'>interfectos</span> <span class='ocrx_word' id='word_1_54' title='bbox 867 644 1020 682; x_wconf 80' lang='lat' dir='ltr'>Romae</span> <span class='ocrx_word' id='word_1_55' title='bbox 1038 644 1252 691; x_wconf 86' lang='lat' dir='ltr'>Varrones,</span> <span class='ocrx_word' id='word_1_56' title='bbox 1272 631 1479 693; x_wconf 80' lang='lat' dir='ltr'>Egnatios,</span> 
     </span>
     <span class='ocr_line' id='line_1_9' title="bbox 81 705 1483 744; baseline 0.001 -3"><span class='ocrx_word' id='word_1_57' title='bbox 81 716 126 741; x_wconf 90' lang='lat'>20</span> <span class='ocrx_word' id='word_1_58' title='bbox 143 706 263 744; x_wconf 84' lang='lat' dir='ltr'>Iulos.</span> <span class='ocrx_word' id='word_1_59' title='bbox 320 706 405 743; x_wconf 86' lang='lat' dir='ltr'>Nec</span> <span class='ocrx_word' id='word_1_60' title='bbox 425 705 647 743; x_wconf 71' lang='lat' dir='ltr'>domesticis</span> <span class='ocrx_word' id='word_1_61' title='bbox 674 705 978 743; x_wconf 89' lang='lat' dir='ltr'>abstinebatur·</span> <span class='ocrx_word' id='word_1_62' title='bbox 1007 705 1181 743; x_wconf 86' lang='lat' dir='ltr'>abducta</span> <span class='ocrx_word' id='word_1_63' title='bbox 1200 705 1353 743; x_wconf 85' lang='lat' dir='ltr'>Neroni</span> <span class='ocrx_word' id='word_1_64' title='bbox 1380 717 1483 743; x_wconf 86' lang='lat' dir='ltr'>uxor</span> 
     </span>
     <span class='ocr_line' id='line_1_10' title="bbox 144 766 1481 817; baseline 0 -12"><span class='ocrx_word' id='word_1_65' title='bbox 144 771 186 806; x_wconf 87' lang='lat' dir='ltr'>et</span> <span class='ocrx_word' id='word_1_66' title='bbox 217 767 388 805; x_wconf 87' lang='lat' dir='ltr'>consulti</span> <span class='ocrx_word' id='word_1_67' title='bbox 418 779 490 817; x_wconf 88' lang='lat' dir='ltr'>per</span> <span class='ocrx_word' id='word_1_68' title='bbox 521 767 737 804; x_wconf 87' lang='lat' dir='ltr'>ludibrium</span> <span class='ocrx_word' id='word_1_69' title='bbox 769 767 976 817; x_wconf 88' lang='lat' dir='ltr'>pontifices</span> <span class='ocrx_word' id='word_1_70' title='bbox 1006 780 1059 805; x_wconf 86' lang='lat' dir='ltr'>an</span> <span class='ocrx_word' id='word_1_71' title='bbox 1090 771 1279 817; x_wconf 87' lang='lat' dir='ltr'>concepto</span> <span class='ocrx_word' id='word_1_72' title='bbox 1314 766 1481 805; x_wconf 86' lang='lat' dir='ltr'>necdum</span> 
     </span>
     <span class='ocr_line' id='line_1_11' title="bbox 144 828 1482 879; baseline -0.001 -11"><span class='ocrx_word' id='word_1_73' title='bbox 144 829 250 868; x_wconf 88' lang='lat' dir='ltr'>edito</span> <span class='ocrx_word' id='word_1_74' title='bbox 268 832 390 879; x_wconf 89' lang='lat' dir='ltr'>partu</span> <span class='ocrx_word' id='word_1_75' title='bbox 418 829 495 867; x_wconf 90' lang='lat' dir='ltr'>rite</span> <span class='ocrx_word' id='word_1_76' title='bbox 522 829 692 867; x_wconf 89' lang='lat' dir='ltr'>nuberet</span> <span class='ocrx_word' id='word_1_77' title='bbox 703 844 715 878; x_wconf 85' lang='lat'>;</span> <span class='ocrx_word' id='word_1_78' title='bbox 744 830 790 875; x_wconf 81' lang='lat' dir='ltr'>Q.</span> <span class='ocrx_word' id='word_1_79' title='bbox 811 829 922 867; x_wconf 88' lang='lat' dir='ltr'>Pedii</span> <span class='ocrx_word' id='word_1_80' title='bbox 947 833 988 867; x_wconf 88' lang='lat' dir='ltr'>et</span> <span class='ocrx_word' id='word_1_81' title='bbox 1006 829 1125 867; x_wconf 87' lang='lat' dir='ltr'>Vedii</span> <span class='ocrx_word' id='word_1_82' title='bbox 1143 828 1333 867; x_wconf 82' lang='lat' dir='ltr'>Pollionis</span> <span class='ocrx_word' id='word_1_83' title='bbox 1350 829 1482 876; x_wconf 85' lang='lat' dir='ltr'>luxus,</span> 
     </span>
     <span class='ocr_line' id='line_1_12' title="bbox 151 891 1489 943; baseline -0.001 -13"><span class='ocrx_word' id='word_1_84' title='bbox 151 895 351 943; x_wconf 88' lang='lat' dir='ltr'>postremo</span> <span class='ocrx_word' id='word_1_85' title='bbox 369 891 486 930; x_wconf 83' lang='lat' dir='ltr'>Livia</span> <span class='ocrx_word' id='word_1_86' title='bbox 505 891 640 942; x_wconf 85' lang='lat' dir='ltr'>gravis</span> <span class='ocrx_word' id='word_1_87' title='bbox 657 892 701 930; x_wconf 94' lang='lat' dir='ltr'>in</span> <span class='ocrx_word' id='word_1_88' title='bbox 719 905 804 930; x_wconf 89' lang='lat' dir='ltr'>rem</span> <span class='ocrx_word' id='word_1_89' title='bbox 822 891 1021 942; x_wconf 81' lang='lat' dir='ltr'>publicam</span> <span class='ocrx_word' id='word_1_90' title='bbox 1039 895 1182 939; x_wconf 86' lang='lat' dir='ltr'>mater,</span> <span class='ocrx_word' id='word_1_91' title='bbox 1201 891 1336 942; x_wconf 86' lang='lat' dir='ltr'>gravis</span> <span class='ocrx_word' id='word_1_92' title='bbox 1353 891 1489 930; x_wconf 88' lang='lat' dir='ltr'>domui</span> 
     </span>
     <span class='ocr_line' id='line_1_13' title="bbox 147 953 1488 1002; baseline -0.001 -10"><span class='ocrx_word' id='word_1_93' title='bbox 147 955 365 993; x_wconf 83' lang='lat' dir='ltr'>Caesarum</span> <span class='ocrx_word' id='word_1_94' title='bbox 383 966 563 992; x_wconf 87' lang='lat' dir='ltr'>noverca.</span> <span class='ocrx_word' id='word_1_95' title='bbox 620 954 736 992; x_wconf 88' lang='lat' dir='ltr'>Nihil</span> <span class='ocrx_word' id='word_1_96' title='bbox 763 955 926 993; x_wconf 90' lang='lat' dir='ltr'>deorum</span> <span class='ocrx_word' id='word_1_97' title='bbox 946 954 1161 993; x_wconf 83' lang='lat' dir='ltr'>honoribus</span> <span class='ocrx_word' id='word_1_98' title='bbox 1178 953 1376 1002; x_wconf 86' lang='lat' dir='ltr'>relictum,</span> <span class='ocrx_word' id='word_1_99' title='bbox 1397 966 1488 991; x_wconf 91' lang='lat' dir='ltr'>cum</span> 
     </span>
     <span class='ocr_line' id='line_1_14' title="bbox 83 1016 1483 1067; baseline -0.001 -12"><span class='ocrx_word' id='word_1_100' title='bbox 83 1027 125 1065; x_wconf 85' lang='lat'>25</span> <span class='ocrx_word' id='word_1_101' title='bbox 147 1030 187 1055; x_wconf 89' lang='lat' dir='ltr'>se</span> <span class='ocrx_word' id='word_1_102' title='bbox 217 1017 378 1067; x_wconf 88' lang='lat' dir='ltr'>templis</span> <span class='ocrx_word' id='word_1_103' title='bbox 406 1020 448 1054; x_wconf 89' lang='lat' dir='ltr'>et</span> <span class='ocrx_word' id='word_1_104' title='bbox 480 1017 605 1067; x_wconf 85' lang='lat' dir='ltr'>effigie</span> <span class='ocrx_word' id='word_1_105' title='bbox 634 1018 847 1055; x_wconf 84' lang='lat' dir='ltr'>numinum</span> <span class='ocrx_word' id='word_1_106' title='bbox 874 1029 945 1067; x_wconf 91' lang='lat' dir='ltr'>per</span> <span class='ocrx_word' id='word_1_107' title='bbox 973 1017 1154 1055; x_wconf 84' lang='lat' dir='ltr'>flamines</span> <span class='ocrx_word' id='word_1_108' title='bbox 1186 1019 1228 1054; x_wconf 90' lang='lat' dir='ltr'>et</span> <span class='ocrx_word' id='word_1_109' title='bbox 1259 1016 1483 1054; x_wconf 74' lang='lat' dir='ltr'>sacerdotes</span> 
     </span>
     <span class='ocr_line' id='line_1_15' title="bbox 148 1077 1518 1129; baseline -0.001 -13"><span class='ocrx_word' id='word_1_110' title='bbox 148 1078 222 1116; x_wconf 86' lang='lat' dir='ltr'>coli</span> <span class='ocrx_word' id='word_1_111' title='bbox 242 1078 373 1117; x_wconf 87' lang='lat' dir='ltr'>vellet.</span> <span class='ocrx_word' id='word_1_112' title='bbox 431 1077 495 1116; x_wconf 88' lang='lat' dir='ltr'>Ne</span> <span class='ocrx_word' id='word_1_113' title='bbox 513 1078 716 1116; x_wconf 85' lang='lat' dir='ltr'>Tiberium</span> <span class='ocrx_word' id='word_1_114' title='bbox 744 1079 903 1129; x_wconf 87' lang='lat' dir='ltr'>quidem</span> <span class='ocrx_word' id='word_1_115' title='bbox 931 1078 1102 1116; x_wconf 86' lang='lat' dir='ltr'>caritate</span> <span class='ocrx_word' id='word_1_116' title='bbox 1129 1081 1200 1116; x_wconf 87' lang='lat' dir='ltr'>aut</span> <span class='ocrx_word' id='word_1_117' title='bbox 1227 1077 1286 1116; x_wconf 88' lang='lat' dir='ltr'>rei</span> <span class='ocrx_word' id='word_1_118' title='bbox 1303 1077 1488 1128; x_wconf 86' lang='lat' dir='ltr'>publicae</span> <span class='ocrx_word' id='word_1_119' title='bbox 1515 1092 1518 1095; x_wconf 92' lang='lat'>·</span> 
     </span>
     <span class='ocr_line' id='line_1_16' title="bbox 148 1139 1492 1191; baseline -0.001 -13"><span class='ocrx_word' id='word_1_120' title='bbox 148 1154 244 1179; x_wconf 87' lang='lat' dir='ltr'>cura</span> <span class='ocrx_word' id='word_1_121' title='bbox 292 1148 552 1179; x_wconf 78' lang='lat' dir='ltr'>successorem</span> <span class='ocrx_word' id='word_1_122' title='bbox 601 1141 810 1188; x_wconf 88' lang='lat' dir='ltr'>adscitum,</span> <span class='ocrx_word' id='word_1_123' title='bbox 856 1140 923 1179; x_wconf 88' lang='lat' dir='ltr'>sed</span> <span class='ocrx_word' id='word_1_124' title='bbox 970 1140 1161 1191; x_wconf 85' lang='lat' dir='ltr'>quoniam</span> <span class='ocrx_word' id='word_1_125' title='bbox 1212 1139 1492 1190; x_wconf 82' lang='lat' dir='ltr'>adrogantiam</span> 
     </span>
     <span class='ocr_line' id='line_1_17' title="bbox 149 1201 1493 1253; baseline -0.001 -12"><span class='ocrx_word' id='word_1_126' title='bbox 149 1202 436 1252; x_wconf 88' lang='lat' dir='ltr'>saevitiamque</span> <span class='ocrx_word' id='word_1_127' title='bbox 473 1202 557 1240; x_wconf 89' lang='lat' dir='ltr'>eius</span> <span class='ocrx_word' id='word_1_128' title='bbox 601 1203 903 1253; x_wconf 84' lang='lat' dir='ltr'>introspexerit,</span> <span class='ocrx_word' id='word_1_129' title='bbox 939 1202 1237 1253; x_wconf 86' lang='lat' dir='ltr'>comparatione</span> <span class='ocrx_word' id='word_1_130' title='bbox 1275 1201 1493 1239; x_wconf 87' lang='lat' dir='ltr'>deterrima</span> 
     </span>
     <span class='ocr_line' id='line_1_18' title="bbox 150 1263 1492 1316; baseline -0.001 -14"><span class='ocrx_word' id='word_1_131' title='bbox 150 1265 225 1303; x_wconf 86' lang='lat' dir='ltr'>sibi</span> <span class='ocrx_word' id='word_1_132' title='bbox 261 1265 429 1316; x_wconf 85' lang='lat' dir='ltr'>gloriam</span> <span class='ocrx_word' id='word_1_133' title='bbox 466 1265 715 1315; x_wconf 73' lang='lat' dir='ltr'>quaesivisse.</span> <span class='ocrx_word' id='word_1_134' title='bbox 773 1265 936 1303; x_wconf 89' lang='lat' dir='ltr'>Etenim</span> <span class='ocrx_word' id='word_1_135' title='bbox 974 1265 1185 1315; x_wconf 84' lang='lat' dir='ltr'>Augustus</span> <span class='ocrx_word' id='word_1_136' title='bbox 1220 1263 1358 1315; x_wconf 86' lang='lat' dir='ltr'>paucis</span> <span class='ocrx_word' id='word_1_137' title='bbox 1395 1266 1492 1301; x_wconf 88' lang='lat' dir='ltr'>ante</span> 
     </span>
     <span class='ocr_line' id='line_1_19' title="bbox 85 1325 1494 1378; baseline -0.001 -13"><span class='ocrx_word' id='word_1_138' title='bbox 85 1343 133 1378; x_wconf 90' lang='lat'>30</span> <span class='ocrx_word' id='word_1_139' title='bbox 151 1327 280 1375; x_wconf 85' lang='lat' dir='ltr'>annis,</span> <span class='ocrx_word' id='word_1_140' title='bbox 320 1340 410 1364; x_wconf 90' lang='lat' dir='ltr'>cum</span> <span class='ocrx_word' id='word_1_141' title='bbox 455 1326 612 1364; x_wconf 88' lang='lat' dir='ltr'>Tiberio</span> <span class='ocrx_word' id='word_1_142' title='bbox 652 1326 908 1365; x_wconf 87' lang='lat' dir='ltr'>tribuniciam</span> <span class='ocrx_word' id='word_1_143' title='bbox 953 1329 1192 1378; x_wconf 88' lang='lat' dir='ltr'>potestatem</span> <span class='ocrx_word' id='word_1_144' title='bbox 1237 1339 1263 1364; x_wconf 89' lang='lat' dir='ltr'>a</span> <span class='ocrx_word' id='word_1_145' title='bbox 1308 1325 1494 1376; x_wconf 88' lang='lat' dir='ltr'>patribus</span> 
     </span>
     <span class='ocr_line' id='line_1_20' title="bbox 151 1385 1488 1438; baseline -0.002 -12"><span class='ocrx_word' id='word_1_146' title='bbox 151 1402 311 1427; x_wconf 87' lang='lat' dir='ltr'>rursum</span> <span class='ocrx_word' id='word_1_147' title='bbox 341 1388 575 1438; x_wconf 87' lang='lat' dir='ltr'>postularet,</span> <span class='ocrx_word' id='word_1_148' title='bbox 606 1401 852 1438; x_wconf 90' lang='lat' dir='ltr'>quamquam</span> <span class='ocrx_word' id='word_1_149' title='bbox 884 1388 1036 1425; x_wconf 87' lang='lat' dir='ltr'>honora</span> <span class='ocrx_word' id='word_1_150' title='bbox 1066 1387 1259 1434; x_wconf 86' lang='lat' dir='ltr'>oratione,</span> <span class='ocrx_word' id='word_1_151' title='bbox 1291 1385 1488 1436; x_wconf 79' lang='lat' dir='ltr'>quaedam</span> 
     </span>
     <span class='ocr_line' id='line_1_21' title="bbox 154 1447 1505 1499; baseline -0.001 -12"><span class='ocrx_word' id='word_1_152' title='bbox 154 1451 202 1488; x_wconf 89' lang='lat' dir='ltr'>de</span> <span class='ocrx_word' id='word_1_153' title='bbox 238 1450 381 1487; x_wconf 88' lang='lat' dir='ltr'>habitu</span> <span class='ocrx_word' id='word_1_154' title='bbox 412 1449 601 1499; x_wconf 89' lang='lat' dir='ltr'>cultuque</span> <span class='ocrx_word' id='word_1_155' title='bbox 633 1453 674 1487; x_wconf 89' lang='lat' dir='ltr'>et</span> <span class='ocrx_word' id='word_1_156' title='bbox 710 1449 909 1487; x_wconf 87' lang='lat' dir='ltr'>institutis</span> <span class='ocrx_word' id='word_1_157' title='bbox 939 1449 1023 1486; x_wconf 89' lang='lat' dir='ltr'>eius</span> <span class='ocrx_word' id='word_1_158' title='bbox 1054 1449 1211 1494; x_wconf 86' lang='lat' dir='ltr'>iecerat,</span> <span class='ocrx_word' id='word_1_159' title='bbox 1243 1460 1346 1498; x_wconf 83' lang='lat' dir='ltr'>quae</span> <span class='ocrx_word' id='word_1_160' title='bbox 1376 1447 1505 1486; x_wconf 84' lang='lat' dir='ltr'>velut’</span> 
     </span>
     <span class='ocr_line' id='line_1_22' title="bbox 153 1509 1494 1561; baseline -0.002 -11"><span class='ocrx_word' id='word_1_161' title='bbox 153 1511 376 1550; x_wconf 87' lang='lat' dir='ltr'>excusando</span> <span class='ocrx_word' id='word_1_162' title='bbox 402 1511 671 1561; x_wconf 83' lang='lat' dir='ltr'>exprobraret.</span> <span class='ocrx_word' id='word_1_163' title='bbox 729 1511 918 1549; x_wconf 83' lang='lat' dir='ltr'>Ceterum</span> <span class='ocrx_word' id='word_1_164' title='bbox 945 1511 1165 1561; x_wconf 81' lang='lat' dir='ltr'>sepultura</span> <span class='ocrx_word' id='word_1_165' title='bbox 1181 1522 1291 1548; x_wconf 88' lang='lat' dir='ltr'>more</span> <span class='ocrx_word' id='word_1_166' title='bbox 1317 1509 1494 1560; x_wconf 84' lang='lat' dir='ltr'>perfecta</span> 
     </span>
     <span class='ocr_line' id='line_1_23' title="bbox 154 1572 1142 1624; baseline -0.002 -13"><span class='ocrx_word' id='word_1_167' title='bbox 154 1573 351 1624; x_wconf 86' lang='lat' dir='ltr'>templum</span> <span class='ocrx_word' id='word_1_168' title='bbox 370 1576 412 1611; x_wconf 90' lang='lat' dir='ltr'>et</span> <span class='ocrx_word' id='word_1_169' title='bbox 431 1573 616 1611; x_wconf 87' lang='lat' dir='ltr'>caelestes</span> <span class='ocrx_word' id='word_1_170' title='bbox 635 1572 844 1622; x_wconf 87' lang='lat' dir='ltr'>religiones</span> <span class='ocrx_word' id='word_1_171' title='bbox 862 1572 1142 1610; x_wconf 88' lang='lat' dir='ltr'>decernuntur.</span> 
     </span>
    </p>
   </div>
   <div class='ocr_carea' id='block_1_3' title="bbox 109 1677 1507 2408">
    <p class='ocr_par' dir='ltr' id='par_1_3' title="bbox 159 1677 1501 1916">
     <span class='ocr_line' id='line_1_24' title="bbox 213 1677 1499 1731; baseline -0.002 -12"><span class='ocrx_word' id='word_1_172' title='bbox 213 1681 293 1719; x_wconf 91' lang='lat' dir='ltr'>XI.</span> <span class='ocrx_word' id='word_1_173' title='bbox 323 1680 477 1719; x_wconf 88' lang='lat' dir='ltr'>Versae</span> <span class='ocrx_word' id='word_1_174' title='bbox 514 1681 608 1718; x_wconf 90' lang='lat' dir='ltr'>inde</span> <span class='ocrx_word' id='word_1_175' title='bbox 643 1681 695 1718; x_wconf 89' lang='lat' dir='ltr'>ad</span> <span class='ocrx_word' id='word_1_176' title='bbox 730 1681 933 1719; x_wconf 87' lang='lat' dir='ltr'>Tiberium</span> <span class='ocrx_word' id='word_1_177' title='bbox 969 1692 1111 1731; x_wconf 88' lang='lat' dir='ltr'>preces.</span> <span class='ocrx_word' id='word_1_178' title='bbox 1189 1679 1244 1717; x_wconf 88' lang='lat' dir='ltr'>Et</span> <span class='ocrx_word' id='word_1_179' title='bbox 1279 1678 1347 1717; x_wconf 90' lang='lat' dir='ltr'>ille</span> <span class='ocrx_word' id='word_1_180' title='bbox 1383 1677 1499 1717; x_wconf 79' lang='lat' dir='ltr'>varia</span> 
     </span>
     <span class='ocr_line' id='line_1_25' title="bbox 159 1738 1501 1792; baseline -0.004 -12"><span class='ocrx_word' id='word_1_181' title='bbox 159 1742 400 1780; x_wconf 85' lang='lat' dir='ltr'>edisserebat</span> <span class='ocrx_word' id='word_1_182' title='bbox 434 1742 481 1780; x_wconf 90' lang='lat' dir='ltr'>de</span> <span class='ocrx_word' id='word_1_183' title='bbox 511 1742 790 1792; x_wconf 87' lang='lat' dir='ltr'>magnitudine</span> <span class='ocrx_word' id='word_1_184' title='bbox 822 1741 990 1792; x_wconf 89' lang='lat' dir='ltr'>imperii,</span> <span class='ocrx_word' id='word_1_185' title='bbox 1019 1755 1092 1779; x_wconf 88' lang='lat' dir='ltr'>sua</span> <span class='ocrx_word' id='word_1_186' title='bbox 1118 1740 1335 1779; x_wconf 88' lang='lat' dir='ltr'>modestia:</span> <span class='ocrx_word' id='word_1_187' title='bbox 1376 1738 1501 1777; x_wconf 84' lang='lat' dir='ltr'>solam</span> 
     </span>
     <span class='ocr_line' id='line_1_26' title="bbox 161 1803 1500 1854; baseline -0.003 -12"><span class='ocrx_word' id='word_1_188' title='bbox 161 1805 241 1843; x_wconf 91' lang='lat' dir='ltr'>divi</span> <span class='ocrx_word' id='word_1_189' title='bbox 269 1804 447 1854; x_wconf 88' lang='lat' dir='ltr'>Augusti</span> <span class='ocrx_word' id='word_1_190' title='bbox 475 1807 651 1842; x_wconf 86' lang='lat' dir='ltr'>mentem</span> <span class='ocrx_word' id='word_1_191' title='bbox 676 1807 820 1842; x_wconf 84' lang='lat' dir='ltr'>tantae</span> <span class='ocrx_word' id='word_1_192' title='bbox 839 1803 953 1842; x_wconf 86' lang='lat' dir='ltr'>molis</span> <span class='ocrx_word' id='word_1_193' title='bbox 971 1815 1155 1854; x_wconf 85' lang='lat' dir='ltr'>capacem</span> <span class='ocrx_word' id='word_1_194' title='bbox 1168 1816 1180 1851; x_wconf 91' lang='lat'>;</span> <span class='ocrx_word' id='word_1_195' title='bbox 1208 1815 1249 1840; x_wconf 87' lang='lat' dir='ltr'>se</span> <span class='ocrx_word' id='word_1_196' title='bbox 1273 1803 1317 1839; x_wconf 94' lang='lat' dir='ltr'>in</span> <span class='ocrx_word' id='word_1_197' title='bbox 1343 1804 1500 1853; x_wconf 69' lang='lat' dir='ltr'>partem</span> 
     </span>
     <span class='ocr_line' id='line_1_27' title="bbox 161 1863 1501 1916; baseline -0.003 -12"><span class='ocrx_word' id='word_1_198' title='bbox 161 1878 350 1904; x_wconf 89' lang='lat' dir='ltr'>curarum</span> <span class='ocrx_word' id='word_1_199' title='bbox 369 1865 420 1902; x_wconf 87' lang='lat' dir='ltr'>ab</span> <span class='ocrx_word' id='word_1_200' title='bbox 439 1865 507 1903; x_wconf 89' lang='lat' dir='ltr'>illo</span> <span class='ocrx_word' id='word_1_201' title='bbox 527 1868 713 1903; x_wconf 87' lang='lat' dir='ltr'>vocatum</span> <span class='ocrx_word' id='word_1_202' title='bbox 728 1865 965 1916; x_wconf 89' lang='lat' dir='ltr'>experiendo</span> <span class='ocrx_word' id='word_1_203' title='bbox 980 1865 1158 1903; x_wconf 87' lang='lat' dir='ltr'>didicisse</span> <span class='ocrx_word' id='word_1_204' title='bbox 1176 1876 1299 1914; x_wconf 86' lang='lat' dir='ltr'>quam</span> <span class='ocrx_word' id='word_1_205' title='bbox 1317 1863 1501 1909; x_wconf 88' lang='lat' dir='ltr'>arduum,</span> 
     </span>
    </p>

    <p class='ocr_par' dir='ltr' id='par_1_4' title="bbox 122 1924 1507 2222">
     <span class='ocr_line' id='line_1_28' title="bbox 122 1924 1502 1979; baseline -0.002 -14"><span class='ocrx_word' id='word_1_206' title='bbox 122 1938 141 1974; x_wconf 88' lang='lat'>5</span> <span class='ocrx_word' id='word_1_207' title='bbox 162 1941 282 1979; x_wconf 88' lang='lat' dir='ltr'>quam</span> <span class='ocrx_word' id='word_1_208' title='bbox 315 1927 537 1966; x_wconf 87' lang='lat' dir='ltr'>subiectum</span> <span class='ocrx_word' id='word_1_209' title='bbox 567 1928 756 1965; x_wconf 83' lang='lat' dir='ltr'>fortunae</span> <span class='ocrx_word' id='word_1_210' title='bbox 788 1927 952 1978; x_wconf 90' lang='lat' dir='ltr'>regendi</span> <span class='ocrx_word' id='word_1_211' title='bbox 983 1931 1128 1965; x_wconf 86' lang='lat' dir='ltr'>cuncta</span> <span class='ocrx_word' id='word_1_212' title='bbox 1159 1938 1272 1964; x_wconf 90' lang='lat' dir='ltr'>onus.</span> <span class='ocrx_word' id='word_1_213' title='bbox 1328 1924 1502 1963; x_wconf 89' lang='lat' dir='ltr'>Proinde</span> 
     </span>
     <span class='ocr_line' id='line_1_29' title="bbox 163 1986 1507 2044; baseline -0.003 -18"><span class='ocrx_word' id='word_1_214' title='bbox 163 1991 206 2027; x_wconf 86' lang='lat' dir='ltr'>in</span> <span class='ocrx_word' id='word_1_215' title='bbox 247 1988 413 2026; x_wconf 83' lang='lat' dir='ltr'>civitate</span> <span class='ocrx_word' id='word_1_216' title='bbox 451 1992 514 2026; x_wconf 88' lang='lat' dir='ltr'>tot</span> <span class='ocrx_word' id='word_1_217' title='bbox 555 1988 795 2026; x_wconf 86' lang='lat' dir='ltr'>inlustribus</span> <span class='ocrx_word' id='word_1_218' title='bbox 831 1988 928 2026; x_wconf 90' lang='lat' dir='ltr'>viris</span> <span class='ocrx_word' id='word_1_219' title='bbox 965 1988 1136 2026; x_wconf 85' lang='lat' dir='ltr'>subnixa</span> <span class='ocrx_word' id='word_1_220' title='bbox 1174 1999 1255 2044; x_wconf 47' lang='grc' dir='ltr'>κιρ-1,)</span> <span class='ocrx_word' id='word_1_221' title='bbox 1291 1986 1343 2024; x_wconf 88' lang='lat' dir='ltr'>ad</span> <span class='ocrx_word' id='word_1_222' title='bbox 1380 1997 1507 2023; x_wconf 90' lang='lat' dir='ltr'>unum</span> 
     </span>
     <span class='ocr_line' id='line_1_30' title="bbox 165 2045 1506 2100; baseline -0.004 -11"><span class='ocrx_word' id='word_1_223' title='bbox 165 2051 297 2089; x_wconf 85' lang='lat' dir='ltr'>omnia</span> <span class='ocrx_word' id='word_1_224' title='bbox 325 2050 549 2089; x_wconf 87' lang='lat' dir='ltr'>deferrent:</span> <span class='ocrx_word' id='word_1_225' title='bbox 579 2050 712 2100; x_wconf 88' lang='lat' dir='ltr'>plures</span> <span class='ocrx_word' id='word_1_226' title='bbox 731 2050 888 2087; x_wconf 85' lang='lat' dir='ltr'>facilius</span> <span class='ocrx_word' id='word_1_227' title='bbox 906 2050 1045 2087; x_wconf 84' lang='lat' dir='ltr'>munia</span> <span class='ocrx_word' id='word_1_228' title='bbox 1064 2049 1121 2087; x_wconf 88' lang='lat' dir='ltr'>rei</span> <span class='ocrx_word' id='word_1_229' title='bbox 1140 2048 1322 2099; x_wconf 89' lang='lat' dir='ltr'>publicae</span> <span class='ocrx_word' id='word_1_230' title='bbox 1348 2045 1506 2085; x_wconf 83' lang='lat' dir='ltr'>sociatis</span> 
     </span>
     <span class='ocr_line' id='line_1_31' title="bbox 166 2108 1504 2183; baseline -0.002 -34"><span class='ocrx_word' id='word_1_231' title='bbox 166 2111 368 2150; x_wconf 87' lang='lat' dir='ltr'>laboribus</span> <span class='ocrx_word' id='word_1_232' title='bbox 385 2115 648 2149; x_wconf 83' lang='lat' dir='ltr'>exsecuturos.</span> <span class='ocrx_word' id='word_1_233' title='bbox 688 2111 785 2148; x_wconf 90' lang='lat' dir='ltr'>Plus</span> <span class='ocrx_word' id='word_1_234' title='bbox 802 2111 846 2148; x_wconf 94' lang='lat' dir='ltr'>in</span> <span class='ocrx_word' id='word_1_235' title='bbox 864 2108 1364 2183; x_wconf 49' lang='lat' dir='ltr'>oratifflfflfflgnstafflss</span> <span class='ocrx_word' id='word_1_236' title='bbox 1382 2120 1504 2158; x_wconf 87' lang='lat' dir='ltr'>quam</span> 
     </span>
     <span class='ocr_line' id='line_1_32' title="bbox 167 2166 1502 2222; baseline -0.003 -12"><span class='ocrx_word' id='word_1_237' title='bbox 167 2173 260 2211; x_wconf 84' lang='lat' dir='ltr'>fidei</span> <span class='ocrx_word' id='word_1_238' title='bbox 291 2175 390 2220; x_wconf 87' lang='lat' dir='ltr'>erat,</span> <span class='ocrx_word' id='word_1_239' title='bbox 423 2172 657 2222; x_wconf 87' lang='lat' dir='ltr'>Tiberioque</span> <span class='ocrx_word' id='word_1_240' title='bbox 689 2173 812 2210; x_wconf 87' lang='lat' dir='ltr'>etiam</span> <span class='ocrx_word' id='word_1_241' title='bbox 839 2173 882 2210; x_wconf 93' lang='lat' dir='ltr'>in</span> <span class='ocrx_word' id='word_1_242' title='bbox 910 2166 1028 2210; x_wconf 87' lang='lat' dir='ltr'>rebus</span> <span class='ocrx_word' id='word_1_243' title='bbox 1055 2183 1156 2221; x_wconf 87' lang='lat' dir='ltr'>quas</span> <span class='ocrx_word' id='word_1_244' title='bbox 1181 2182 1263 2208; x_wconf 89' lang='lat' dir='ltr'>non</span> <span class='ocrx_word' id='word_1_245' title='bbox 1295 2169 1502 2216; x_wconf 80' lang='lat' dir='ltr'>occuleret,</span> 
     </span>
    </p>

    <p class='ocr_par' dir='ltr' id='par_1_5' title="bbox 109 2230 1506 2408">
     <span class='ocr_line' id='line_1_33' title="bbox 109 2230 1504 2284; baseline -0.004 -11"><span class='ocrx_word' id='word_1_246' title='bbox 109 2251 151 2277; x_wconf 92' lang='lat'>10</span> <span class='ocrx_word' id='word_1_247' title='bbox 169 2247 238 2273; x_wconf 87' lang='lat' dir='ltr'>seu</span> <span class='ocrx_word' id='word_1_248' title='bbox 271 2238 420 2272; x_wconf 83' lang='lat' dir='ltr'>natura</span> <span class='ocrx_word' id='word_1_249' title='bbox 452 2234 534 2271; x_wconf 88' lang='lat' dir='ltr'>sive</span> <span class='ocrx_word' id='word_1_250' title='bbox 561 2234 837 2282; x_wconf 87' lang='lat' dir='ltr'>adsuetudine,</span> <span class='ocrx_word' id='word_1_251' title='bbox 865 2246 1055 2284; x_wconf 84' lang='lat' dir='ltr'>suspensa</span> <span class='ocrx_word' id='word_1_252' title='bbox 1082 2244 1236 2282; x_wconf 86' lang='lat' dir='ltr'>semper</span> <span class='ocrx_word' id='word_1_253' title='bbox 1264 2235 1307 2270; x_wconf 94' lang='lat' dir='ltr'>et</span> <span class='ocrx_word' id='word_1_254' title='bbox 1337 2230 1504 2269; x_wconf 85' lang='lat' dir='ltr'>obscura</span> 
     </span>
     <span class='ocr_line' id='line_1_34' title="bbox 171 2290 1504 2344; baseline -0.004 -11"><span class='ocrx_word' id='word_1_255' title='bbox 171 2296 315 2340; x_wconf 86' lang='lat' dir='ltr'>verba;</span> <span class='ocrx_word' id='word_1_256' title='bbox 343 2299 440 2333; x_wconf 91' lang='lat' dir='ltr'>tunc</span> <span class='ocrx_word' id='word_1_257' title='bbox 459 2307 552 2333; x_wconf 87' lang='lat' dir='ltr'>vero</span> <span class='ocrx_word' id='word_1_258' title='bbox 571 2295 718 2332; x_wconf 85' lang='lat' dir='ltr'>nitenti</span> <span class='ocrx_word' id='word_1_259' title='bbox 746 2299 793 2332; x_wconf 89' lang='lat' dir='ltr'>ut</span> <span class='ocrx_word' id='word_1_260' title='bbox 820 2308 956 2333; x_wconf 84' lang='lat' dir='ltr'>sensus</span> <span class='ocrx_word' id='word_1_261' title='bbox 974 2307 1065 2332; x_wconf 87' lang='lat' dir='ltr'>suos</span> <span class='ocrx_word' id='word_1_262' title='bbox 1088 2294 1249 2344; x_wconf 88' lang='lat' dir='ltr'>penitus</span> <span class='ocrx_word' id='word_1_263' title='bbox 1265 2291 1442 2338; x_wconf 85' lang='lat' dir='ltr'>abderet,</span> <span class='ocrx_word' id='word_1_264' title='bbox 1460 2290 1504 2328; x_wconf 90' lang='lat' dir='ltr'>in</span> 
     </span>
     <span class='ocr_line' id='line_1_35' title="bbox 172 2355 1506 2408; baseline -0.004 -12"><span class='ocrx_word' id='word_1_265' title='bbox 172 2360 370 2400; x_wconf 87' lang='lat' dir='ltr'>incertum</span> <span class='ocrx_word' id='word_1_266' title='bbox 397 2361 439 2395; x_wconf 90' lang='lat' dir='ltr'>et</span> <span class='ocrx_word' id='word_1_267' title='bbox 466 2357 701 2408; x_wconf 86' lang='lat' dir='ltr'>ambiguum</span> <span class='ocrx_word' id='word_1_268' title='bbox 730 2357 858 2408; x_wconf 85' lang='lat' dir='ltr'>magis</span> <span class='ocrx_word' id='word_1_269' title='bbox 890 2356 1212 2406; x_wconf 88' lang='lat' dir='ltr'>implicabantur.</span> <span class='ocrx_word' id='word_1_270' title='bbox 1269 2355 1329 2392; x_wconf 89' lang='lat' dir='ltr'>At</span> <span class='ocrx_word' id='word_1_271' title='bbox 1361 2356 1506 2404; x_wconf 75' lang='lat' dir='ltr'>patres,</span> 
     </span>
    </p>
   </div>
  </div>
 </body>
</html>
