1664 2540
453 189 560 216 Boox
590 190 633 226 1.,
661 189 804 216 cuns.
833 177 899 224 46,
918 175 983 224 47,
1004 177 1067 214 48.
1378 173 1429 212 27

153 343 309 382 XLVI.
337 343 397 380 At
415 343 568 380 Romae
584 341 759 379 nondum
777 342 948 392 cognito,
966 341 1037 392 qui
1063 340 1205 379 fuisset
1231 340 1362 378 exitus
1387 339 1431 376 in

99 405 275 456 Illyrico,
302 410 344 444 et
370 404 571 455 legionum
599 404 928 441 Germanicarum
955 407 1067 441 motu
1095 402 1246 450 audito,
1274 401 1431 451 trepida

99 467 242 505 civitas
275 466 457 504 incusare
491 465 693 503 Tiberium
729 465 845 515 quod,
883 465 979 502 dum
1015 468 1151 514 patroe
1186 468 1228 501 et
1263 463 1430 514 plebem,

98 529 275 567 invalida
302 532 343 566 et
369 527 552 574 inermia,
580 528 832 565 cunctatione
858 527 953 564 ficta
980 526 1216 572 ludificetur,
1242 525 1431 563 dissideat

97 591 260 630 interim
279 591 392 628 miles
409 603 538 640 neque
557 590 725 628 duorum
743 589 1059 627 adulescentium
1085 588 1263 626 nondum
1290 587 1430 625 adulta

97 653 340 691 auctoritate
366 652 571 702 comprimi
598 655 730 701 queat.
786 652 854 689 Ire
871 652 1002 702 ipsum
1019 655 1062 688 et
1079 662 1276 701 opponere
1294 651 1431 687 maies-

98 717 228 752 tatem
245 714 545 764 imperatoriam
565 713 744 751 debuisse
770 713 949 760 cessuris,
969 713 1039 750 ubi
1065 713 1284 763 principem
1310 712 1431 762 longa

88 774 343 825 experientia
361 774 607 824 eundemque
624 774 850 812 severitatis
867 778 909 812 et
922 774 1218 811 munificentiae
1230 786 1430 810 summum

98 836 297 875 vidissent.
353 836 424 873 An
441 836 673 886 Augustum
692 836 796 873 fessa
813 840 944 874 aetate
963 836 1110 873 totiens
1126 836 1170 872 in
1197 835 1431 872 Germanias

98 910 318 939 commeare
352 897 549 947 potuisse:
591 897 793 938 Tiberium
830 897 1030 947 vigentem
1066 897 1186 934 annis
1217 896 1351 933 sedere
1386 895 1430 932 in

99 963 254 1007 senatu,
300 959 421 997 verba
466 963 630 1009 patrum
674 959 955 997 cavillantem?
1028 959 1135 997 Satis
1179 961 1429 1009 prospectum

99 1022 279 1060 urbanae
305 1021 512 1058 servituti:
550 1020 791 1058 militaribus
817 1021 961 1058 animis
988 1020 1213 1058 adhibenda
1240 1019 1430 1063 fomenta,

99 1087 147 1121 ut
172 1083 278 1121 ferre
304 1095 441 1133 pacem
467 1082 603 1120 velint.
1130 1086 1134 1088 ’

152 1200 335 1238 XLVII.
355 1199 561 1237 Inmotum
576 1199 764 1237 adversus
777 1212 841 1237 eos
851 1212 1050 1237 sermones
1062 1200 1266 1249 fixumque
1276 1199 1432 1238 'liberio

98 1261 180 1299 fuit
205 1273 287 1298 non
313 1261 498 1298 omittere
525 1265 648 1311 caput
666 1274 800 1298 rerum
819 1274 947 1311 neque
973 1275 1014 1300 se
1041 1274 1204 1312 remque
1230 1261 1431 1312 publicam

99 1323 144 1360 in
162 1335 297 1360 casum
315 1323 422 1360 dare.
471 1322 605 1360 Multa
624 1323 771 1373 quippe
788 1327 830 1360 et
848 1323 1003 1361 diversa
1021 1324 1244 1373 angebant:
1263 1323 1432 1361 validior

99 1397 171 1436 per
198 1384 456 1422 Germaniam
489 1385 693 1431 exereitus,
724 1386 884 1435 propior
915 1386 1022 1436 apud
1054 1386 1304 1423 Pannoniam
1316 1399 1328 1433 ;
1364 1385 1432 1423 ille

99 1445 320 1484 Galliarum
338 1446 478 1495 opibus
491 1446 695 1493 subnixus,
710 1446 775 1483 hic
793 1446 941 1484 Italiae
954 1447 1176 1485 inminens:
1195 1459 1294 1496 quos
1305 1447 1432 1497 igitur

100 1507 347 1544 anteferret?
392 1507 451 1544 Ac
469 1520 520 1544 ne
537 1507 743 1558 postpositi
756 1508 994 1546 contumelia
1008 1508 1325 1546 incenderentur.
1371 1508 1432 1545 At

100 1580 172 1618 per
189 1568 288 1605 filios
306 1568 456 1618 pariter
474 1568 576 1605 adiri
594 1568 803 1606 maiestate
816 1569 938 1616 salva,
951 1570 1015 1607 cui
1032 1570 1158 1607 maior
1176 1582 1198 1607 e
1215 1568 1432 1620 longinquo

100 1629 335 1667 reverentia.
393 1629 520 1666 Simul
549 1630 867 1667 adulescentibus
892 1635 1124 1668 excusatum
1155 1630 1352 1681 quaedam
1379 1630 1431 1668 ad

100 1694 257 1741 patrem
276 1690 431 1736 reicere,
450 1691 748 1741 resistentisque
767 1692 1000 1730 Germanico
1019 1696 1092 1730 aut
1110 1693 1242 1730 Druso
1268 1705 1379 1743 posse
1405 1705 1431 1729 a

100 1763 143 1790 ee
168 1751 345 1802 mitigari
370 1751 435 1790 vel
461 1751 650 1802 infringi:
677 1753 781 1802 quod
808 1753 919 1791 aliud
945 1754 1178 1802 subsidium,
1206 1754 1240 1792 si
1266 1754 1432 1804 impera-

101 1816 228 1851 torem
256 1814 520 1864 sprevissent?
576 1814 762 1852 Ceterum
791 1819 839 1852 ut
867 1815 947 1853 iam
978 1815 1139 1866 iamque
1169 1817 1302 1854 iturus
1333 1816 1431 1866 legit

100 1877 274 1923 comites,
310 1877 547 1926 conquisivit
582 1877 874 1927 impedimenta,
907 1879 1118 1917 adornavit
1153 1892 1298 1919 naves:
1340 1892 1431 1917 mox

101 1937 270 1976 hiemem
296 1941 369 1976 aut
396 1939 556 1988 negotia
582 1939 692 1976 varie
719 1943 906 1977 causatus
930 1940 1059 1990 primo
1085 1941 1312 1991 prudentes,
1340 1941 1432 1978 dein

102 1998 279 2049 vulgum,
307 1999 526 2038 diutissime
551 2000 774 2050 provincias
800 2001 957 2039 fefellit.

155 2115 363 2154 XLVIII.
391 2117 451 2155 At
468 2117 742 2167 Germanicus,
760 2132 1001 2170 quamquam
1028 2125 1231 2159 contracto
1255 2122 1431 2159 exercitu

102 2180 145 2214 et
179 2180 326 2226 parata
361 2178 406 2214 in
436 2178 652 2216 defectores
688 2180 851 2227 ultione,
884 2181 1059 2219 dandum
1095 2182 1225 2220 adhuc
1256 2183 1432 2233 spatium

103 2241 228 2285 ratus,
256 2238 291 2276 si
321 2241 471 2277 recenti
500 2241 680 2291 exemplo
707 2241 782 2278 sibi
813 2242 888 2292 ipsi
918 2243 1180 2291 consulerent,
1209 2244 1432 2294 praemittit

102 2298 257 2336 litteras
287 2299 339 2337 ad
370 2300 596 2349 Caecinam,
625 2302 760 2340 venire
791 2316 832 2340 se
860 2304 990 2341 valida
1021 2317 1146 2342 manu
1178 2318 1235 2352 ac,
1268 2305 1311 2342 ni
1342 2318 1433 2354 sup-

102 2359 263 2409 plicium
280 2361 324 2398 in
342 2361 468 2400 malos
485 2368 757 2412 praesumant,
777 2377 942 2401 usurum
961 2366 1155 2414 promisca
1173 2366 1302 2404 caede.
1349 2366 1432 2403 Eas

1452 905 1495 929 10

1453 1762 1495 1787 10
