1664 2540
501 210 608 237 BOOK
636 210 678 246 1.,
706 209 843 236 anPs.
871 197 930 244 15,
950 196 1014 243 16,
1034 195 1097 234 17.
1299 173 1306 180 ι
1421 193 1467 231 11

116 305 318 355 ,Augusto
354 304 578 343 traditum:
615 307 657 342 et
693 302 884 340 hortante
918 304 1063 340 senatu
1094 303 1142 339 ut
1178 303 1356 350 augeret,
1383 299 1469 337 iure

127 367 299 405 iurando
325 366 541 405 obstrinxit
567 379 608 404 se
635 364 716 403 nbn
743 377 1005 403 excessurum.

178 464 274 503 XV.
303 465 405 502 'rum
434 465 608 514 primum
633 476 655 501 e
679 476 819 513 campo
843 462 1004 500 comitia
1024 461 1075 499 ad
1103 465 1236 512 patres
1263 461 1465 498 translata

125 530 230 565 sunt.
287 527 396 564 Nam
419 526 470 564 ad
497 539 586 564 eam
606 526 721 572 diem,
742 525 817 563 etsi
846 524 1059 576 potissima*
1069 523 1239 561 arbitrio
1263 522 1463 573 principiS,

108 583 321 642 ¹qnamdam
350 594 488 628 tamen
521 590 663 628 studiis
692 589 874 627 tribuum
905 589 1067 627 fiebant.
1124 582 1266 640 Neque
1297 586 1466 637 populus

107 651 361 703 'ademptum
398 653 460 690 ius
489 655 651 702 questus
687 655 748 689 est
784 651 860 688 nisi
890 650 1001 688 inani
1030 662 1200 695 rumore,
1230 653 1271 687 et
1303 652 1464 686 senatus

124 713 404 764 largitionibus
427 709 536 764 ach
602 714 690 765 ibus
722 713 887 751 sordidis
920 712 1123 760 exsolutus
1155 711 1282 764 libens
1314 710 1460 758 tenuit,

124 775 354 814 moderante
389 776 546 814 Tiberio
573 789 633 830 'ne
670 776 803 825 plures
840 788 962 825 quam
999 768 1210 823 quattuor*
1231 772 1463 810 candidatos

122 838 427 885 commendaret,
458 838 542 876 sine
570 837 729 888 repulsa
758 841 799 874 et
828 837 993 874 ambitur
1014 834 1289 885 designandos
1345 834 1463 872 Inter

122 911 222 949 quae
256 894 410 938 tribuni
446 900 574 950 plebei
610 899 785 949 petivere
823 902 869 935 ut
907 898 1077 948 proprio<
1094 899 1260 946 sumptu
1297 896 1459 933 ederent

122 960 246 1009 ludos,
283 961 352 1011 qui
389 959 449 1009 de'
479 962 638 999 nomine
674 961 854 1010 Augusti
891 959 1007 997 fastis
1051 951 1178 1001 additi
1214 958 1460 1011 Augustales

122 1027 371 1061 vocarentur.
429 1023 519 1078 8βρ
541 1023 698 1076 decreta
735 1021 902 1072 pecunia
934 1034 984 1059 ex
1021 1020 1189 1067 aerario,
1228 1024 1352 1071 utque
1387 1033 1459 1070 per

121 1083 269 1122 circum
299 1077 534 1135 triumphali
569 1075 675 1122 veste
707 1087 919 1131 uterentur
931 1097 942 1130 ;
962 1076 1093 1120 'curru
1120 1081 1211 1119 vehi
1238 1077 1345 1119 haud
1372 1094 1457 1131 per-

122 1145 296 1184 missum.
353 1139 451 1192 Mox
468 1146 699 1184 celebratio
732 1158 869 1193 annua
901 1144 954 1182 ad
983 1147 1207 1194 praetorem
1239 1143 1454 1190 translata,

121 1206 185 1243 cui
211 1206 318 1245 inter
344 1208 447 1249 cives
474 1211 515 1245 et
542 1207 769 1257 peregrinos
795 1206 1015 1244 iurisdictio
1042 1205 1246 1245 evenisset.

172 1304 294 1342 XVI.
326 1306 405 1343 Hic
420 1319 553 1344 rerum
569 1307 818 1344 urbanarum
836 1308 968 1342 status
981 1307 1083 1350 erat,
1098 1317 1186 1341 cum
1203 1303 1456 1342 Pannonicas

119 1364 290 1416 legiones
303 1367 440 1405 seditio
454 1367 624 1423 in
644 1367 765 1405 nullis
783 1366 896 1404 novis
909 1366 1050 1412 causiS,
1066 1366 1142 1402 nisi
1157 1366 1261 1416 quod
1274 1369 1455 1403 mutatus

84 1446 88 1450 ¹
119 1427 302 1477 princeps
322 1428 525 1467 licentiam
549 1429 763 1466 turbarum
792 1431 833 1466 et
862 1440 912 1465 ex
940 1427 1047 1464 civili
1075 1427 1177 1465 bello
1206 1440 1315 1477 spem
1343 1439 1454 1477 prae-

118 1488 288 1526 miorum
325 1491 571 1529 ostendebat.
628 1490 782 1528 Castris
817 1490 978 1527 aestivis
1014 1493 1097 1526 tres
1133 1489 1251 1526 simul
1282 1488 1454 1538 legiones

118 1549 382 1598 habebantur,
402 1552 652 1602 praesidente
679 1552 798 1594 Iunio
826 1551 979 1598 Blaeso,
1005 1551 1075 1601 qui
1100 1542 1180 1588 fine
1206 1551 1385 1604 Augusti
1411 1555 1453 1589 et

117 1610 243 1648 initiis
260 1611 406 1650 Tiberii
425 1613 573 1651 auditis
591 1614 641 1651 ob
659 1613 859 1666 Qum
878 1615 952 1650 aut
970 1612 1162 1663 gau—dij&
1180 1612 1451 1666 intermiserat

117 1672 234 1710 solita
246 1674 395 1713 munia.
444 1675 503 1712 Eo
515 1675 708 1725 principio
718 1674 899 1712 lascivire
910 1674 1033 1720 miles,
1047 1673 1280 1721 discordare,
1293 1674 1452 1724 pessimi

117 1732 306 1784 cuiusque
346 1737 592 1774 sermonibus
631 1737 822 1786 praebere
863 1749 992 1783 aureS,
1029 1736 1198 1786 denique
1234 1736 1372 1788 Qum
1410 1741 1450 1774 et

116 1794 243 1832 otium
270 1808 423 1846 cupere,
450 1797 698 1847 disciplinam
727 1801 769 1835 et
797 1798 972 1849 laborem
1000 1798 1216 1847 aspernari.
1274 1797 1376 1835 Erat
1407 1798 1449 1834 in

117 1856 258 1892 castris
277 1855 517 1894 Percennius
535 1857 698 1907 quidam
723 1857 805 1894 dux
827 1857 921 1894 olim
945 1857 1448 1955 tngQm,

117 1915 208 1953 dein
234 1917 439 1967 gregarius
466 1918 588 1965 miles,
607 1931 754 1969 procax
781 1919 919 1968 lingua
947 1930 969 1955 e
1015 1918 1178 1955 miscere
1204 1923 1340 1967 coetus
1368 1918 1446 1966 1ῄρ-

95 1970 278 2031 ’triongli
309 1979 440 2017 studio
476 1979 624 2018 doetus.
681 1981 724 2017 Is
756 1980 947 2030 inperitos
985 1980 1138 2016 animos
1170 1984 1212 2017 et
1248 1991 1446 2029 quaenam

29 2043 43 2090 J
114 2042 205 2089 post
248 2039 479 2090 Augustum
529 2041 697 2079 militiae
747 2041 921 2078 condicio
975 2041 1213 2090 ambigentis
1258 2041 1447 2090 inpellere

56 2145 59 2147 ¹
114 2099 311 2150 paulatim
347 2102 551 2140 nocturnis
577 2103 803 2152 ‚conloquiis
834 2106 906 2140 aut
944 2103 1044 2140 flexo
1074 2103 1115 2139 in
1147 2114 1351 2151 vesperam
1383 2102 1446 2139 die

89 2170 92 2172 ’
113 2163 157 2199 ot
182 2161 600 2214 dilanlioribus
627 2164 884 2202 deterrimum
913 2176 1108 2214 quemque
1134 2175 1386 2214 congregare.

165 2262 311 2302 XVII.
340 2264 543 2303 Postremo
561 2267 754 2316 promptis
771 2260 852 2304 iam
867 2270 907 2304 et
926 2267 1015 2304 aliis
1032 2266 1234 2304 seditionis
1251 2244 1444 2303 ministris

4 2304 100 2357 ‘V‘
113 2322 223 2361 velut
235 2324 578 2376 contionabundus
595 2326 882 2376 interrogabat,
898 2340 969 2364 cur
983 2327 1119 2377 paucis
1131 2326 1441 2371 centurionibus,

112 2383 362 2432 paucioribus
374 2386 546 2424 tribunis
555 2387 598 2424 in
611 2387 770 2424 modum
782 2400 984 2425 servorum
996 2388 1235 2425 oboedirent.
1273 2386 1440 2432 Quando

1480 1028 1523 1054 10

1471 1871 1513 1896 10
