1664 2540
187 158 237 196 32
669 170 847 206 TAcrrus,
877 170 1045 198 ANNALS.

242 322 356 359 LVI.
387 322 523 371 Igitur
569 321 828 359 Germanicus
877 325 1071 371 quattuor
1119 322 1309 372 legiones,
1351 322 1528 372 quinque

189 383 446 422 auxiliarium
484 383 596 421 milia
625 387 667 421 et
694 384 984 421 tumultuarias
1016 388 1197 422 catervas
1233 385 1528 423 Germanorum

190 447 244 485 cis
273 447 461 484 Rhenum
489 446 704 484 colentium
733 446 926 484 Caecinae
954 447 1082 484 tradit
1094 460 1106 494 ;
1147 447 1316 485 totidem
1342 447 1528 497 legiones,

190 509 388 559 duplicem
416 509 606 546 sociorum
637 521 849 546 numerum
879 508 962 558 ipse
994 509 1103 546 ducit
1134 509 1339 559 positoque
1369 508 1531 547 castello

152 584 171 618 5
191 584 310 622 super
329 570 497 620 vestigia
522 570 683 620 paterni
701 569 887 620 praesidii
914 570 957 607 in
985 574 1121 608 monte
1147 571 1285 608 Tauno
1303 570 1531 621 expeditum

192 633 410 671 exercitum
453 632 497 669 in
533 632 704 670 Chattos
740 631 860 681 rapit,
900 631 946 669 L.
983 632 1165 681 Apronio
1201 632 1255 669 ad
1291 632 1533 670 munitiones

192 697 348 732 viarum
363 697 404 731 et
419 694 629 731 fluminum
646 694 793 732 relicto.
851 694 959 731 Nam
975 693 1128 744 (rarum
1143 695 1202 732 illi
1216 695 1341 745 caelo)
1353 694 1534 732 siccitate

194 762 235 795 et
253 757 438 794 amnibus
456 757 617 794 modicis
637 757 873 794 inoffensum
901 757 979 793 iter
997 761 1291 807 properaverat,
1310 758 1536 807 imbresque

195 823 236 857 et
255 819 467 856 fluminum
490 822 634 856 auctus
660 818 901 869 regredienti
927 819 1222 857 metuebantur.
1281 819 1356 857 Sed
1374 817 1536 858 Chattis

137 894 177 918 10
195 881 291 919 adeo
311 881 548 931 improvisus
566 881 740 929 advenit,
761 884 808 917 ut
827 880 930 930 qucd
948 880 1189 918 imbecillum
1208 884 1343 918 aetate
1367 894 1414 918 ac
1440 892 1536 918 sexu

196 943 334 981 statim
347 946 506 992 captum
520 946 593 980 aut
604 942 849 979 trucidatum
862 942 924 979 sit.
955 943 1152 979 Iuventus
1163 943 1311 980 flumen
1326 942 1536 980 Adranam

196 1006 329 1043 nando
346 1005 592 1052 tramiserat,
609 1005 888 1054 Romanosque
907 1007 1069 1054 pontem
1088 1004 1311 1054 coeptantis
1329 1003 1534 1050 arcebant,

198 1068 290 1105 dein
326 1067 541 1104 tormentis
579 1066 812 1117 sagittisque
848 1066 964 1116 pulsi,
1002 1067 1211 1116 temptatis
1248 1065 1403 1103 frustra
1447 1077 1537 1102 con·

198 1129 418 1167 dicionibus
445 1129 561 1178 pacis,
581 1141 672 1166 cum
692 1127 853 1177 quidam
882 1126 933 1164 ad
952 1126 1234 1164 Germanicum
1258 1125 1538 1176 perfugissent,

139 1209 178 1242 15
198 1191 342 1240 reliqui
360 1190 511 1227 omissis
530 1190 643 1240 pagis
661 1190 834 1239 vicisque
852 1188 896 1225 in
914 1189 1034 1226 silvas
1052 1189 1349 1239 disperguntur.
1391 1188 1537 1226 Caesar

198 1254 355 1291 incenso
375 1252 524 1289 Mattio
553 1251 610 1303 (id
637 1251 749 1301 genti
777 1249 915 1302 caput)
945 1254 1086 1300 aperta
1105 1250 1320 1300 populatus
1340 1249 1462 1288 vertit
1486 1247 1538 1286 ad

200 1316 400 1362 Rhenum,
428 1327 509 1351 non
536 1327 632 1351 auso
660 1313 772 1350 hoste
800 1316 915 1362 terga
943 1313 1178 1350 abeuntium
1205 1311 1406 1359 lacessere,
1434 1308 1540 1360 quod

201 1377 260 1415 illi
279 1376 412 1422 moris,
432 1376 615 1425 quotiens
637 1378 728 1412 astu
756 1374 884 1424 magis
903 1386 1023 1423 quam
1043 1386 1113 1423 per
1131 1373 1386 1411 formidinem
1413 1371 1540 1411 cessit.

202 1440 353 1476 Fuerat
398 1438 556 1475 animus
593 1437 798 1474 Cheruscis
845 1435 981 1472 iuvare
1018 1435 1199 1482 Chattos,
1237 1434 1305 1472 sed
1347 1433 1544 1472 exterruit

139 1517 183 1542 20
203 1501 372 1538 Caecina
398 1499 475 1536 huc
499 1499 593 1535 illuc
628 1498 758 1535 ferens
791 1510 904 1535 arma
916 1511 927 1545 3
958 1501 998 1535 et
1027 1496 1184 1535 Marsos
1216 1497 1401 1547 congredi
1427 1507 1544 1534 ausos

202 1574 389 1613 prospero
408 1560 555 1611 proelio
574 1559 762 1597 cohibuit.

259 1677 396 1715 LVII.
426 1677 568 1726 Neque
615 1676 742 1712 multo
788 1679 877 1725 post
923 1675 1047 1725 legati
1083 1688 1108 1712 a
1146 1676 1306 1726 Segeste
1346 1678 1545 1714 venerunt

205 1739 400 1776 auxilium
428 1742 591 1775 orantes
620 1737 809 1774 adversus
828 1738 909 1774 vim
930 1737 1194 1786 popularium,
1215 1751 1240 1774 a
1267 1737 1356 1787 quis
1382 1737 1545 1774 circum-

206 1802 431 1847 sedebatur,
465 1799 654 1837 validiore
691 1799 799 1848 apud
836 1812 900 1836 eos
937 1798 1134 1846 Arminio,
1172 1800 1361 1848 quoniam
1397 1798 1545 1836 bellum

207 1862 422 1901 suadebat:
467 1875 560 1899 nam
594 1861 784 1909 barbaris,
815 1864 971 1911 quanto
999 1861 1088 1910 quis
1123 1861 1291 1898 audacia
1326 1865 1546 1911 promptus,

171 1937 187 1974 5
210 1928 326 1962 tanto
341 1923 468 1973 magis
479 1923 593 1970 fidus,
606 1923 725 1960 rebus
743 1922 950 1959 commotis
961 1922 1090 1972 potior
1104 1922 1285 1960 habetur.
1327 1922 1550 1960 Addiderat

183 1987 391 2036 -Segestes
419 1985 563 2035 legatis
589 1985 728 2031 filium,
759 1984 920 2020 nomine
951 1983 1258 2034 Segimundum:
1295 1983 1363 2022 sed
1394 1983 1550 2021 iuvenis

209 2048 450 2087 conscientia
487 2047 766 2085 cunctabatur.
843 2046 998 2095 Quippe
1045 2059 1152 2084 anno
1197 2059 1276 2096 quo
1313 2045 1551 2083 Germaniae

210 2110 407 2148 descivere
443 2108 619 2146 sacerdos
657 2107 764 2158 apud
802 2119 917 2144 aram
955 2106 1154 2145 Ubiorum
1190 2110 1350 2145 creatus
1385 2109 1551 2157 ruperat

211 2173 348 2219 vittaS,
388 2171 580 2221 profugus
617 2169 668 2207 ad
706 2169 882 2206 rebelles
944 2168 1155 2207 Adductus
1190 2173 1327 2207 tamen
1362 2169 1405 2206 in
1441 2180 1551 2219 spem

154 2250 194 2274 10
215 2234 447 2272 clementiae
480 2233 688 2270 Romanae
724 2230 891 2281 pertulit
924 2231 1049 2280 patris
1081 2231 1275 2268 mandata
1307 2231 1552 2281 benigneque

214 2298 402 2346 exceptus
438 2307 528 2331 cum
565 2293 760 2343 praesidio
797 2291 993 2329 Gallicam
1029 2292 1072 2329 in
1117 2292 1247 2342 ripam
1293 2291 1435 2329 missus
1478 2293 1551 2339 est,

214 2357 449 2396 Germanico
481 2355 656 2405 pretium
688 2354 767 2391 fuit
803 2357 1032 2391 convertere
1063 2365 1220 2403 agmen,
1250 2356 1561 2404 pugnatumque¹
