<?xml version="1.0" encoding="UTF-8"?>
<!DOCTYPE html PUBLIC "-//W3C//DTD XHTML 1.0 Transitional//EN"
    "http://www.w3.org/TR/xhtml1/DTD/xhtml1-transitional.dtd">
<html xmlns="http://www.w3.org/1999/xhtml" xml:lang="en" lang="en">
 <head>
  <title>
</title>
<meta http-equiv="Content-Type" content="text/html;charset=utf-8" />
  <meta name='ocr-system' content='tesseract 3.04.00' />
  <meta name='ocr-capabilities' content='ocr_page ocr_carea ocr_par ocr_line ocrx_word'/>
</head>
<body>
  <div class='ocr_page' id='page_1' title='image "annalsicorn00taciuoft_0030.png"; bbox 0 0 1664 2540; ppageno 0'>
   <div class='ocr_carea' id='block_1_1' title="bbox 154 189 1009 235">
    <p class='ocr_par' dir='ltr' id='par_1_1' title="bbox 154 189 1009 235">
     <span class='ocr_line' id='line_1_1' title="bbox 154 189 1009 235; baseline 0.001 -9"><span class='ocrx_word' id='word_1_1' title='bbox 154 189 178 226; x_wconf 88' lang='grc'>6</span> <span class='ocrx_word' id='word_1_2' title='bbox 375 224 378 227; x_wconf 89' lang='grc'>.</span> <span class='ocrx_word' id='word_1_3' title='bbox 634 200 813 235; x_wconf 69' lang='lat' dir='ltr'>merrus,</span> <span class='ocrx_word' id='word_1_4' title='bbox 843 198 1009 227; x_wconf 70' lang='lat' dir='ltr'>ANNALS.</span> 
     </span>
    </p>
   </div>
   <div class='ocr_carea' id='block_1_2' title="bbox 82 349 1644 1943">
    <p class='ocr_par' dir='ltr' id='par_1_2' title="bbox 152 349 1495 588">
     <span class='ocr_line' id='line_1_2' title="bbox 207 349 1495 401; baseline 0.002 -15"><span class='ocrx_word' id='word_1_5' title='bbox 207 350 334 387; x_wconf 89' lang='lat' dir='ltr'><strong>VIII.</strong></span> <span class='ocrx_word' id='word_1_6' title='bbox 365 349 481 387; x_wconf 89' lang='lat' dir='ltr'>Nihil</span> <span class='ocrx_word' id='word_1_7' title='bbox 500 350 628 400; x_wconf 86' lang='lat' dir='ltr'>primo</span> <span class='ocrx_word' id='word_1_8' title='bbox 647 354 811 388; x_wconf 85' lang='lat' dir='ltr'>senatus</span> <span class='ocrx_word' id='word_1_9' title='bbox 825 350 887 388; x_wconf 89' lang='lat' dir='ltr'>die</span> <span class='ocrx_word' id='word_1_10' title='bbox 901 351 968 401; x_wconf 88' lang='lat' dir='ltr'>agi</span> <span class='ocrx_word' id='word_1_11' title='bbox 983 363 1123 401; x_wconf 84' lang='lat' dir='ltr'>passus</span> <span class='ocrx_word' id='word_1_12' title='bbox 1137 350 1214 388; x_wconf 81' lang='lat' dir='ltr'>nisi</span> <span class='ocrx_word' id='word_1_13' title='bbox 1233 350 1282 388; x_wconf 87' lang='lat' dir='ltr'>de</span> <span class='ocrx_word' id='word_1_14' title='bbox 1299 349 1495 400; x_wconf 81' lang='lat' dir='ltr'>supremis</span> 
     </span>
     <span class='ocr_line' id='line_1_3' title="bbox 154 412 1495 463; baseline 0.001 -15"><span class='ocrx_word' id='word_1_15' title='bbox 154 412 341 461; x_wconf 85' lang='lat' dir='ltr'>Augusti,</span> <span class='ocrx_word' id='word_1_16' title='bbox 370 413 482 450; x_wconf 89' lang='lat' dir='ltr'>cuius</span> <span class='ocrx_word' id='word_1_17' title='bbox 509 414 798 450; x_wconf 86' lang='lat' dir='ltr'>testamentum</span> <span class='ocrx_word' id='word_1_18' title='bbox 826 413 1001 450; x_wconf 85' lang='lat' dir='ltr'>inlatum</span> <span class='ocrx_word' id='word_1_19' title='bbox 1034 426 1105 463; x_wconf 91' lang='lat' dir='ltr'>per</span> <span class='ocrx_word' id='word_1_20' title='bbox 1136 413 1312 463; x_wconf 87' lang='lat' dir='ltr'>virgines</span> <span class='ocrx_word' id='word_1_21' title='bbox 1343 412 1495 449; x_wconf 69' lang='lat' dir='ltr'>Vestae</span> 
     </span>
     <span class='ocr_line' id='line_1_4' title="bbox 152 473 1493 512; baseline 0 -2"><span class='ocrx_word' id='word_1_22' title='bbox 152 473 355 510; x_wconf 82' lang='lat' dir='ltr'>Tiberium</span> <span class='ocrx_word' id='word_1_23' title='bbox 391 477 434 511; x_wconf 90' lang='lat' dir='ltr'>et</span> <span class='ocrx_word' id='word_1_24' title='bbox 473 474 628 511; x_wconf 88' lang='lat' dir='ltr'>Liviam</span> <span class='ocrx_word' id='word_1_25' title='bbox 661 474 823 511; x_wconf 85' lang='lat' dir='ltr'>heredes</span> <span class='ocrx_word' id='word_1_26' title='bbox 857 475 1015 512; x_wconf 82' lang='lat' dir='ltr'>habuit.</span> <span class='ocrx_word' id='word_1_27' title='bbox 1074 474 1190 512; x_wconf 86' lang='lat' dir='ltr'>Livia</span> <span class='ocrx_word' id='word_1_28' title='bbox 1221 475 1265 512; x_wconf 92' lang='lat' dir='ltr'>in</span> <span class='ocrx_word' id='word_1_29' title='bbox 1298 473 1493 512; x_wconf 81' lang='lat' dir='ltr'>familiam</span> 
     </span>
     <span class='ocr_line' id='line_1_5' title="bbox 153 535 1494 588; baseline 0.001 -17"><span class='ocrx_word' id='word_1_30' title='bbox 153 535 302 571; x_wconf 86' lang='lat' dir='ltr'>Iuliam</span> <span class='ocrx_word' id='word_1_31' title='bbox 335 548 557 585; x_wconf 82' lang='lat' dir='ltr'>nomenque</span> <span class='ocrx_word' id='word_1_32' title='bbox 588 536 838 588; x_wconf 66' lang='lat' dir='ltr'>Augustum⁴</span> <span class='ocrx_word' id='word_1_33' title='bbox 856 537 1142 574; x_wconf 83' lang='lat' dir='ltr'>adsumebatur</span> <span class='ocrx_word' id='word_1_34' title='bbox 1155 550 1165 584; x_wconf 89' lang='lat'>;</span> <span class='ocrx_word' id='word_1_35' title='bbox 1212 536 1256 573; x_wconf 86' lang='lat' dir='ltr'>in</span> <span class='ocrx_word' id='word_1_36' title='bbox 1287 548 1397 586; x_wconf 86' lang='lat' dir='ltr'>spem</span> <span class='ocrx_word' id='word_1_37' title='bbox 1433 547 1494 572; x_wconf 85' lang='lat' dir='ltr'>se·</span> 
     </span>
    </p>

    <p class='ocr_par' dir='ltr' id='par_1_3' title="bbox 113 597 1518 894">
     <span class='ocr_line' id='line_1_6' title="bbox 113 597 1493 647; baseline 0.001 -14"><span class='ocrx_word' id='word_1_38' title='bbox 113 606 132 641; x_wconf 88' lang='lat'><strong>5</strong></span> <span class='ocrx_word' id='word_1_39' title='bbox 153 597 322 633; x_wconf 86' lang='lat' dir='ltr'>cundam</span> <span class='ocrx_word' id='word_1_40' title='bbox 373 601 537 646; x_wconf 75' lang='lat' dir='ltr'><strong>nepotes</strong></span> <span class='ocrx_word' id='word_1_41' title='bbox 586 601 911 647; x_wconf 69' lang='lat' dir='ltr'>pronepotesque,</span> <span class='ocrx_word' id='word_1_42' title='bbox 958 598 1080 639; x_wconf 86' lang='lat' dir='ltr'>tertio</span> <span class='ocrx_word' id='word_1_43' title='bbox 1127 597 1255 647; x_wconf 84' lang='lat' dir='ltr'>gradu</span> <span class='ocrx_word' id='word_1_44' title='bbox 1301 597 1493 647; x_wconf 71' lang='lat' dir='ltr'>Primores</span> 
     </span>
     <span class='ocr_line' id='line_1_7' title="bbox 151 658 1518 709; baseline 0 -14"><span class='ocrx_word' id='word_1_45' title='bbox 151 659 326 696; x_wconf 85' lang='lat' dir='ltr'>civitatis</span> <span class='ocrx_word' id='word_1_46' title='bbox 363 659 587 708; x_wconf 85' lang='lat' dir='ltr'>scripserat,</span> <span class='ocrx_word' id='word_1_47' title='bbox 626 659 843 709; x_wconf 58' lang='lat' dir='ltr'>plerosquex</span> <span class='ocrx_word' id='word_1_48' title='bbox 873 660 1020 697; x_wconf 86' lang='lat' dir='ltr'>invisos</span> <span class='ocrx_word' id='word_1_49' title='bbox 1067 659 1155 707; x_wconf 84' lang='lat' dir='ltr'>sibi,</span> <span class='ocrx_word' id='word_1_50' title='bbox 1193 659 1261 696; x_wconf 91' lang='lat' dir='ltr'>sed</span> <span class='ocrx_word' id='word_1_51' title='bbox 1297 658 1518 696; x_wconf 85' lang='lat' dir='ltr'>iactantia·</span> 
     </span>
     <span class='ocr_line' id='line_1_8' title="bbox 150 717 1491 770; baseline 0.001 -14"><span class='ocrx_word' id='word_1_52' title='bbox 150 719 355 769; x_wconf 66' lang='lat' dir='ltr'>gloriaque</span> <span class='ocrx_word' id='word_1_53' title='bbox 387 720 438 757; x_wconf 91' lang='lat' dir='ltr'>ad</span> <span class='ocrx_word' id='word_1_54' title='bbox 467 724 655 770; x_wconf 82' lang='lat' dir='ltr'>posteros.</span> <span class='ocrx_word' id='word_1_55' title='bbox 714 721 877 770; x_wconf 52' lang='lat' dir='ltr'>Legata⁴</span> <span class='ocrx_word' id='word_1_56' title='bbox 893 734 974 758; x_wconf 92' lang='lat' dir='ltr'>non</span> <span class='ocrx_word' id='word_1_57' title='bbox 1004 722 1113 758; x_wconf 88' lang='lat' dir='ltr'>ultra</span> <span class='ocrx_word' id='word_1_58' title='bbox 1133 717 1288 766; x_wconf 81' lang='lat' dir='ltr'>civilem</span> <span class='ocrx_word' id='word_1_59' title='bbox 1317 719 1491 767; x_wconf 87' lang='lat' dir='ltr'>modum,</span> 
     </span>
     <span class='ocr_line' id='line_1_9' title="bbox 150 779 1488 834; baseline 0.001 -16"><span class='ocrx_word' id='word_1_60' title='bbox 150 781 227 818; x_wconf 84' lang='lat' dir='ltr'>nisi</span> <span class='ocrx_word' id='word_1_61' title='bbox 262 782 366 831; x_wconf 91' lang='lat' dir='ltr'>quod</span> <span class='ocrx_word' id='word_1_62' title='bbox 402 782 547 832; x_wconf 90' lang='lat' dir='ltr'>populo</span> <span class='ocrx_word' id='word_1_63' title='bbox 579 785 621 819; x_wconf 90' lang='lat' dir='ltr'>et</span> <span class='ocrx_word' id='word_1_64' title='bbox 653 782 758 832; x_wconf 90' lang='lat' dir='ltr'>plebi</span> <span class='ocrx_word' id='word_1_65' title='bbox 790 782 1147 833; x_wconf 75' lang='lat' dir='ltr'>quadringentiens</span> <span class='ocrx_word' id='word_1_66' title='bbox 1178 779 1343 821; x_wconf 74' lang='lat' dir='ltr'>triciens</span> <span class='ocrx_word' id='word_1_67' title='bbox 1374 783 1488 834; x_wconf 88' lang='lat' dir='ltr'>quin-</span> 
     </span>
     <span class='ocr_line' id='line_1_10' title="bbox 151 842 1490 894; baseline 0.001 -15"><span class='ocrx_word' id='word_1_68' title='bbox 151 842 302 891; x_wconf 84' lang='lat' dir='ltr'>quiens,</span> <span class='ocrx_word' id='word_1_69' title='bbox 322 843 616 892; x_wconf 88' lang='lat' dir='ltr'>praetoriarum</span> <span class='ocrx_word' id='word_1_70' title='bbox 634 844 857 881; x_wconf 84' lang='lat' dir='ltr'>cohortium</span> <span class='ocrx_word' id='word_1_71' title='bbox 883 844 1260 894; x_wconf 78' lang='lat' dir='ltr'>militibus‘singula</span> <span class='ocrx_word' id='word_1_72' title='bbox 1278 856 1490 882; x_wconf 92' lang='lat' dir='ltr'>nummum</span> 
     </span>
    </p>

    <p class='ocr_par' dir='ltr' id='par_1_4' title="bbox 92 903 1491 1204">
     <span class='ocr_line' id='line_1_11' title="bbox 92 903 1490 955; baseline 0.002 -15"><span class='ocrx_word' id='word_1_73' title='bbox 92 910 135 935; x_wconf 93' lang='lat'>10</span> <span class='ocrx_word' id='word_1_74' title='bbox 150 903 273 951; x_wconf 90' lang='lat' dir='ltr'>milia,</span> <span class='ocrx_word' id='word_1_75' title='bbox 304 934 312 941; x_wconf 93' lang='lat'>.</span> <span class='ocrx_word' id='word_1_76' title='bbox 345 933 353 942; x_wconf 89' lang='lat'>.</span> <span class='ocrx_word' id='word_1_77' title='bbox 385 934 392 942; x_wconf 92' lang='lat'>.</span> <span class='ocrx_word' id='word_1_78' title='bbox 423 905 649 955; x_wconf 82' lang='lat' dir='ltr'>legionariis</span> <span class='ocrx_word' id='word_1_79' title='bbox 685 919 732 942; x_wconf 89' lang='lat' dir='ltr'>ac</span> <span class='ocrx_word' id='word_1_80' title='bbox 769 906 996 943; x_wconf 87' lang='lat' dir='ltr'>cohortibus</span> <span class='ocrx_word' id='word_1_81' title='bbox 1032 906 1177 944; x_wconf 84' lang='lat' dir='ltr'>civium</span> <span class='ocrx_word' id='word_1_82' title='bbox 1215 906 1490 945; x_wconf 76' lang='lat' dir='ltr'>Romanorum</span> 
     </span>
     <span class='ocr_line' id='line_1_12' title="bbox 150 967 1491 1011; baseline 0.001 -7"><span class='ocrx_word' id='word_1_83' title='bbox 150 971 328 1004; x_wconf 87' lang='lat' dir='ltr'>trecenos</span> <span class='ocrx_word' id='word_1_84' title='bbox 373 980 555 1005; x_wconf 89' lang='lat' dir='ltr'>nummos</span> <span class='ocrx_word' id='word_1_85' title='bbox 596 967 749 1005; x_wconf 89' lang='lat' dir='ltr'>viritim</span> <span class='ocrx_word' id='word_1_86' title='bbox 790 968 908 1006; x_wconf 88' lang='lat' dir='ltr'>dedit.</span> <span class='ocrx_word' id='word_1_87' title='bbox 976 969 1078 1006; x_wconf 85' lang='lat' dir='ltr'>Tum</span> <span class='ocrx_word' id='word_1_88' title='bbox 1125 968 1395 1011; x_wconf 87' lang='lat' dir='ltr'>consultatum</span> <span class='ocrx_word' id='word_1_89' title='bbox 1441 967 1491 1005; x_wconf 91' lang='lat' dir='ltr'>de</span> 
     </span>
     <span class='ocr_line' id='line_1_13' title="bbox 149 1022 1490 1081; baseline 0.002 -16"><span class='ocrx_word' id='word_1_90' title='bbox 149 1029 365 1078; x_wconf 83' lang='lat' dir='ltr'>honoribus</span> <span class='ocrx_word' id='word_1_91' title='bbox 377 1043 388 1076; x_wconf 90' lang='lat'>;</span> <span class='ocrx_word' id='word_1_92' title='bbox 435 1042 483 1067; x_wconf 84' lang='lat' dir='ltr'>ex</span> <span class='ocrx_word' id='word_1_93' title='bbox 519 1030 608 1079; x_wconf 87' lang='lat' dir='ltr'>quis</span> <span class='ocrx_word' id='word_1_94' title='bbox 644 1030 713 1079; x_wconf 91' lang='lat' dir='ltr'>qui</span> <span class='ocrx_word' id='word_1_95' title='bbox 751 1030 924 1067; x_wconf 83' lang='lat' dir='ltr'>maxime</span> <span class='ocrx_word' id='word_1_96' title='bbox 957 1030 1131 1081; x_wconf 85' lang='lat' dir='ltr'>insignes</span> <span class='ocrx_word' id='word_1_97' title='bbox 1167 1031 1254 1078; x_wconf 88' lang='lat' dir='ltr'>visi,</span> <span class='ocrx_word' id='word_1_98' title='bbox 1288 1033 1336 1068; x_wconf 89' lang='lat' dir='ltr'>ut</span> <span class='ocrx_word' id='word_1_99' title='bbox 1373 1022 1490 1080; x_wconf 62' lang='lat' dir='ltr'>porta</span> 
     </span>
     <span class='ocr_line' id='line_1_14' title="bbox 149 1090 1488 1142; baseline 0.002 -15"><span class='ocrx_word' id='word_1_100' title='bbox 149 1090 388 1140; x_wconf 81' lang='lat' dir='ltr'>triumphali</span> <span class='ocrx_word' id='word_1_101' title='bbox 434 1091 645 1129; x_wconf 87' lang='lat' dir='ltr'>duceretur</span> <span class='ocrx_word' id='word_1_102' title='bbox 691 1092 826 1139; x_wconf 86' lang='lat' dir='ltr'>funus,</span> <span class='ocrx_word' id='word_1_103' title='bbox 865 1092 1005 1130; x_wconf 83' lang='lat' dir='ltr'>Gallus</span> <span class='ocrx_word' id='word_1_104' title='bbox 1046 1092 1224 1140; x_wconf 89' lang='lat' dir='ltr'>Asinius,</span> <span class='ocrx_word' id='word_1_105' title='bbox 1261 1095 1312 1130; x_wconf 90' lang='lat' dir='ltr'>ut</span> <span class='ocrx_word' id='word_1_106' title='bbox 1355 1092 1488 1142; x_wconf 87' lang='lat' dir='ltr'>legum</span> 
     </span>
     <span class='ocr_line' id='line_1_15' title="bbox 130 1152 1490 1204; baseline 0.001 -15"><span class='ocrx_word' id='word_1_107' title='bbox 130 1152 327 1195; x_wconf 18' lang='lat' dir='ltr'>&#39;latarum</span> <span class='ocrx_word' id='word_1_108' title='bbox 364 1153 488 1200; x_wconf 88' lang='lat' dir='ltr'>tituli,</span> <span class='ocrx_word' id='word_1_109' title='bbox 526 1153 726 1191; x_wconf 88' lang='lat' dir='ltr'>victarum</span> <span class='ocrx_word' id='word_1_110' title='bbox 765 1154 816 1191; x_wconf 90' lang='lat' dir='ltr'>ab</span> <span class='ocrx_word' id='word_1_111' title='bbox 852 1166 897 1191; x_wconf 91' lang='lat' dir='ltr'>eo</span> <span class='ocrx_word' id='word_1_112' title='bbox 933 1154 1115 1204; x_wconf 88' lang='lat' dir='ltr'>gentium</span> <span class='ocrx_word' id='word_1_113' title='bbox 1152 1154 1347 1192; x_wconf 80' lang='lat' dir='ltr'>vocabula</span> <span class='ocrx_word' id='word_1_114' title='bbox 1378 1156 1490 1191; x_wconf 87' lang='lat' dir='ltr'>ante-</span> 
     </span>
    </p>

    <p class='ocr_par' dir='ltr' id='par_1_5' title="bbox 90 1214 1491 1512">
     <span class='ocr_line' id='line_1_16' title="bbox 90 1214 1491 1263; baseline 0 -11"><span class='ocrx_word' id='word_1_115' title='bbox 90 1222 129 1259; x_wconf 85' lang='lat'>15</span> <span class='ocrx_word' id='word_1_116' title='bbox 149 1214 362 1262; x_wconf 84' lang='lat' dir='ltr'>ferrentur,</span> <span class='ocrx_word' id='word_1_117' title='bbox 377 1215 421 1252; x_wconf 94' lang='lat' dir='ltr'>L.</span> <span class='ocrx_word' id='word_1_118' title='bbox 435 1215 658 1253; x_wconf 87' lang='lat' dir='ltr'>Arruntius</span> <span class='ocrx_word' id='word_1_119' title='bbox 672 1228 868 1254; x_wconf 88' lang='lat' dir='ltr'>censuere.</span> <span class='ocrx_word' id='word_1_120' title='bbox 898 1216 1086 1254; x_wconf 84' lang='lat' dir='ltr'>Addebat</span> <span class='ocrx_word' id='word_1_121' title='bbox 1101 1215 1290 1254; x_wconf 59' lang='lat' dir='ltr'>Messalla</span> <span class='ocrx_word' id='word_1_122' title='bbox 1301 1214 1491 1263; x_wconf 80' lang='lat' dir='ltr'>Valerius</span> 
     </span>
     <span class='ocr_line' id='line_1_17' title="bbox 148 1276 1487 1327; baseline 0.001 -13"><span class='ocrx_word' id='word_1_123' title='bbox 148 1277 421 1314; x_wconf 88' lang='lat' dir='ltr'>renovandum</span> <span class='ocrx_word' id='word_1_124' title='bbox 459 1290 530 1327; x_wconf 92' lang='lat' dir='ltr'>per</span> <span class='ocrx_word' id='word_1_125' title='bbox 565 1290 691 1315; x_wconf 89' lang='lat' dir='ltr'>annos</span> <span class='ocrx_word' id='word_1_126' title='bbox 723 1281 1018 1315; x_wconf 81' lang='lat' dir='ltr'>sacramentum</span> <span class='ocrx_word' id='word_1_127' title='bbox 1054 1278 1099 1315; x_wconf 88' lang='lat' dir='ltr'>in</span> <span class='ocrx_word' id='word_1_128' title='bbox 1136 1290 1282 1323; x_wconf 81' lang='lat' dir='ltr'>nomen</span> <span class='ocrx_word' id='word_1_129' title='bbox 1315 1276 1463 1315; x_wconf 73' lang='lat' dir='ltr'>Tiberii</span> <span class='ocrx_word' id='word_1_130' title='bbox 1475 1290 1487 1321; x_wconf 84' lang='lat'><em>3</em></span> 
     </span>
     <span class='ocr_line' id='line_1_18' title="bbox 146 1339 1487 1389; baseline 0.001 -14"><span class='ocrx_word' id='word_1_131' title='bbox 146 1339 498 1389; x_wconf 88' lang='lat' dir='ltr'>interrogatusque</span> <span class='ocrx_word' id='word_1_132' title='bbox 517 1353 540 1376; x_wconf 90' lang='lat' dir='ltr'>a</span> <span class='ocrx_word' id='word_1_133' title='bbox 555 1340 713 1377; x_wconf 87' lang='lat' dir='ltr'>Tiberio</span> <span class='ocrx_word' id='word_1_134' title='bbox 727 1353 824 1377; x_wconf 92' lang='lat' dir='ltr'>num</span> <span class='ocrx_word' id='word_1_135' title='bbox 844 1352 885 1377; x_wconf 92' lang='lat' dir='ltr'>se</span> <span class='ocrx_word' id='word_1_136' title='bbox 899 1339 1119 1377; x_wconf 82' lang='lat' dir='ltr'>mandante</span> <span class='ocrx_word' id='word_1_137' title='bbox 1137 1352 1227 1377; x_wconf 91' lang='lat' dir='ltr'>eam</span> <span class='ocrx_word' id='word_1_138' title='bbox 1245 1339 1487 1377; x_wconf 81' lang='lat' dir='ltr'>sententiam</span> 
     </span>
     <span class='ocr_line' id='line_1_19' title="bbox 147 1400 1487 1452; baseline 0.001 -15"><span class='ocrx_word' id='word_1_139' title='bbox 147 1401 413 1450; x_wconf 86' lang='lat' dir='ltr'>prompsisset,</span> <span class='ocrx_word' id='word_1_140' title='bbox 434 1405 573 1451; x_wconf 86' lang='lat' dir='ltr'>sponte</span> <span class='ocrx_word' id='word_1_141' title='bbox 602 1402 745 1439; x_wconf 81' lang='lat' dir='ltr'>dixisse</span> <span class='ocrx_word' id='word_1_142' title='bbox 767 1402 982 1452; x_wconf 88' lang='lat' dir='ltr'>respondit,</span> <span class='ocrx_word' id='word_1_143' title='bbox 1002 1414 1131 1451; x_wconf 91' lang='lat' dir='ltr'>neque</span> <span class='ocrx_word' id='word_1_144' title='bbox 1158 1402 1201 1439; x_wconf 90' lang='lat' dir='ltr'>in</span> <span class='ocrx_word' id='word_1_145' title='bbox 1229 1401 1278 1438; x_wconf 81' lang='lat' dir='ltr'>iis</span> <span class='ocrx_word' id='word_1_146' title='bbox 1304 1413 1408 1451; x_wconf 82' lang='lat' dir='ltr'>quae</span> <span class='ocrx_word' id='word_1_147' title='bbox 1435 1400 1487 1438; x_wconf 82' lang='lat' dir='ltr'>ad</span> 
     </span>
     <span class='ocr_line' id='line_1_20' title="bbox 125 1462 1486 1512; baseline 0 -13"><span class='ocrx_word' id='word_1_148' title='bbox 125 1495 127 1498; x_wconf 13' lang='grc' dir='ltr'><em>Α</em></span> <span class='ocrx_word' id='word_1_149' title='bbox 147 1475 230 1499; x_wconf 92' lang='lat' dir='ltr'>rem</span> <span class='ocrx_word' id='word_1_150' title='bbox 250 1463 451 1512; x_wconf 85' lang='lat' dir='ltr'>publicam</span> <span class='ocrx_word' id='word_1_151' title='bbox 470 1464 719 1512; x_wconf 89' lang='lat' dir='ltr'>pertinerent</span> <span class='ocrx_word' id='word_1_152' title='bbox 738 1463 899 1500; x_wconf 90' lang='lat' dir='ltr'>consilio</span> <span class='ocrx_word' id='word_1_153' title='bbox 924 1463 999 1500; x_wconf 83' lang='lat' dir='ltr'>nisi</span> <span class='ocrx_word' id='word_1_154' title='bbox 1025 1476 1097 1501; x_wconf 92' lang='lat' dir='ltr'>suo</span> <span class='ocrx_word' id='word_1_155' title='bbox 1114 1475 1293 1510; x_wconf 89' lang='lat' dir='ltr'>usurum,</span> <span class='ocrx_word' id='word_1_156' title='bbox 1314 1462 1378 1500; x_wconf 88' lang='lat' dir='ltr'>vel</span> <span class='ocrx_word' id='word_1_157' title='bbox 1395 1474 1486 1500; x_wconf 88' lang='lat' dir='ltr'>cum</span> 
     </span>
    </p>

    <p class='ocr_par' dir='ltr' id='par_1_6' title="bbox 84 1524 1644 1822">
     <span class='ocr_line' id='line_1_21' title="bbox 84 1524 1484 1575; baseline 0.001 -16"><span class='ocrx_word' id='word_1_158' title='bbox 84 1533 130 1559; x_wconf 91' lang='lat'>20</span> <span class='ocrx_word' id='word_1_159' title='bbox 146 1524 321 1573; x_wconf 87' lang='lat' dir='ltr'>periculo</span> <span class='ocrx_word' id='word_1_160' title='bbox 356 1525 606 1563; x_wconf 82' lang='lat' dir='ltr'>offensionis:</span> <span class='ocrx_word' id='word_1_161' title='bbox 653 1538 699 1562; x_wconf 84' lang='lat' dir='ltr'>ea</span> <span class='ocrx_word' id='word_1_162' title='bbox 735 1525 818 1562; x_wconf 91' lang='lat' dir='ltr'>sola</span> <span class='ocrx_word' id='word_1_163' title='bbox 855 1525 1002 1575; x_wconf 88' lang='lat' dir='ltr'>species</span> <span class='ocrx_word' id='word_1_164' title='bbox 1037 1525 1227 1562; x_wconf 87' lang='lat' dir='ltr'>adulandi</span> <span class='ocrx_word' id='word_1_165' title='bbox 1263 1526 1484 1575; x_wconf 81' lang='lat' dir='ltr'>supererat.</span> 
     </span>
     <span class='ocr_line' id='line_1_22' title="bbox 147 1586 1486 1637; baseline 0.001 -15"><span class='ocrx_word' id='word_1_166' title='bbox 147 1586 408 1623; x_wconf 81' lang='lat' dir='ltr'>Conclamant</span> <span class='ocrx_word' id='word_1_167' title='bbox 444 1591 580 1635; x_wconf 88' lang='lat' dir='ltr'>patres</span> <span class='ocrx_word' id='word_1_168' title='bbox 616 1600 758 1637; x_wconf 87' lang='lat' dir='ltr'>corpus</span> <span class='ocrx_word' id='word_1_169' title='bbox 799 1587 851 1624; x_wconf 89' lang='lat' dir='ltr'>ad</span> <span class='ocrx_word' id='word_1_170' title='bbox 887 1599 1028 1637; x_wconf 86' lang='lat' dir='ltr'>rogum</span> <span class='ocrx_word' id='word_1_171' title='bbox 1071 1586 1219 1624; x_wconf 90' lang='lat' dir='ltr'>umeris</span> <span class='ocrx_word' id='word_1_172' title='bbox 1254 1588 1486 1624; x_wconf 70' lang='lat' dir='ltr'>senatorum</span> 
     </span>
     <span class='ocr_line' id='line_1_23' title="bbox 146 1646 1644 1697; baseline 0.001 -13"><span class='ocrx_word' id='word_1_173' title='bbox 146 1646 366 1684; x_wconf 87' lang='lat' dir='ltr'>ferendum.</span> <span class='ocrx_word' id='word_1_174' title='bbox 425 1647 596 1685; x_wconf 86' lang='lat' dir='ltr'>Remisit</span> <span class='ocrx_word' id='word_1_175' title='bbox 630 1649 774 1686; x_wconf 54' lang='lat' dir='ltr'>Caesar</span> <span class='ocrx_word' id='word_1_176' title='bbox 805 1648 1020 1697; x_wconf 81' lang='lat' dir='ltr'>adroganti</span> <span class='ocrx_word' id='word_1_177' title='bbox 1050 1647 1331 1694; x_wconf 86' lang='lat' dir='ltr'>moderatione,</span> <span class='ocrx_word' id='word_1_178' title='bbox 1365 1659 1487 1697; x_wconf 89' lang='lat' dir='ltr'>popu·</span> <span class='ocrx_word' id='word_1_179' title='bbox 1601 1675 1606 1678; x_wconf 95' lang='lat'>-</span> <span class='ocrx_word' id='word_1_180' title='bbox 1639 1684 1644 1686; x_wconf 87' lang='lat'>.</span> 
     </span>
     <span class='ocr_line' id='line_1_24' title="bbox 145 1708 1487 1763; baseline -0.001 -17"><span class='ocrx_word' id='word_1_181' title='bbox 145 1709 306 1759; x_wconf 90' lang='lat' dir='ltr'>lumque</span> <span class='ocrx_word' id='word_1_182' title='bbox 325 1709 453 1746; x_wconf 88' lang='lat' dir='ltr'>edicto</span> <span class='ocrx_word' id='word_1_183' title='bbox 472 1710 629 1747; x_wconf 90' lang='lat' dir='ltr'>monuit</span> <span class='ocrx_word' id='word_1_184' title='bbox 656 1723 718 1758; x_wconf 90' lang='lat' dir='ltr'>ne,</span> <span class='ocrx_word' id='word_1_185' title='bbox 739 1715 786 1748; x_wconf 89' lang='lat' dir='ltr'>ut</span> <span class='ocrx_word' id='word_1_186' title='bbox 813 1710 1014 1763; x_wconf 90' lang='lat' dir='ltr'>quondam</span> <span class='ocrx_word' id='word_1_187' title='bbox 1043 1709 1177 1746; x_wconf 82' lang='lat' dir='ltr'>nimiis</span> <span class='ocrx_word' id='word_1_188' title='bbox 1203 1708 1345 1746; x_wconf 84' lang='lat' dir='ltr'>studiis</span> <span class='ocrx_word' id='word_1_189' title='bbox 1363 1708 1487 1745; x_wconf 80' lang='lat' dir='ltr'>funus</span> 
     </span>
     <span class='ocr_line' id='line_1_25' title="bbox 145 1769 1483 1822; baseline -0.002 -14"><span class='ocrx_word' id='word_1_190' title='bbox 145 1771 226 1808; x_wconf 89' lang='lat' dir='ltr'>divi</span> <span class='ocrx_word' id='word_1_191' title='bbox 246 1770 343 1808; x_wconf 86' lang='lat' dir='ltr'>Iulii</span> <span class='ocrx_word' id='word_1_192' title='bbox 362 1771 606 1818; x_wconf 87' lang='lat' dir='ltr'>turbassent,</span> <span class='ocrx_word' id='word_1_193' title='bbox 627 1771 687 1809; x_wconf 89' lang='lat' dir='ltr'>ita</span> <span class='ocrx_word' id='word_1_194' title='bbox 707 1769 939 1822; x_wconf 87' lang='lat' dir='ltr'>Augustum</span> <span class='ocrx_word' id='word_1_195' title='bbox 967 1771 1010 1808; x_wconf 91' lang='lat' dir='ltr'>in</span> <span class='ocrx_word' id='word_1_196' title='bbox 1038 1771 1124 1807; x_wconf 83' lang='lat' dir='ltr'>foro</span> <span class='ocrx_word' id='word_1_197' title='bbox 1142 1770 1275 1820; x_wconf 90' lang='lat' dir='ltr'>potius</span> <span class='ocrx_word' id='word_1_198' title='bbox 1292 1782 1412 1819; x_wconf 90' lang='lat' dir='ltr'>quam</span> <span class='ocrx_word' id='word_1_199' title='bbox 1439 1769 1483 1805; x_wconf 90' lang='lat' dir='ltr'>in</span> 
     </span>
    </p>

    <p class='ocr_par' dir='ltr' id='par_1_7' title="bbox 82 1829 1492 1943">
     <span class='ocr_line' id='line_1_26' title="bbox 82 1829 1484 1882; baseline 0 -15"><span class='ocrx_word' id='word_1_200' title='bbox 82 1840 126 1876; x_wconf 85' lang='lat'>25</span> <span class='ocrx_word' id='word_1_201' title='bbox 146 1845 283 1882; x_wconf 89' lang='lat' dir='ltr'>campo</span> <span class='ocrx_word' id='word_1_202' title='bbox 306 1831 466 1876; x_wconf 76' lang='lat' dir='ltr'>Martis,</span> <span class='ocrx_word' id='word_1_203' title='bbox 487 1832 578 1869; x_wconf 90' lang='lat' dir='ltr'>sede</span> <span class='ocrx_word' id='word_1_204' title='bbox 597 1832 809 1881; x_wconf 77' lang='lat' dir='ltr'>destinata,</span> <span class='ocrx_word' id='word_1_205' title='bbox 829 1832 999 1871; x_wconf 83' lang='lat' dir='ltr'>cremari</span> <span class='ocrx_word' id='word_1_206' title='bbox 1018 1832 1177 1869; x_wconf 90' lang='lat' dir='ltr'>vellent.</span> <span class='ocrx_word' id='word_1_207' title='bbox 1236 1830 1313 1868; x_wconf 91' lang='lat' dir='ltr'>Die</span> <span class='ocrx_word' id='word_1_208' title='bbox 1330 1829 1484 1868; x_wconf 83' lang='lat' dir='ltr'>funeris</span> 
     </span>
     <span class='ocr_line' id='line_1_27' title="bbox 145 1881 1492 1943; baseline -0.001 -12"><span class='ocrx_word' id='word_1_209' title='bbox 145 1894 292 1931; x_wconf 88' lang='lat' dir='ltr'>milites</span> <span class='ocrx_word' id='word_1_210' title='bbox 310 1894 421 1931; x_wconf 90' lang='lat' dir='ltr'>velut</span> <span class='ocrx_word' id='word_1_211' title='bbox 440 1894 635 1943; x_wconf 85' lang='lat' dir='ltr'>praesidio</span> <span class='ocrx_word' id='word_1_212' title='bbox 654 1898 811 1942; x_wconf 84' lang='lat' dir='ltr'>stetere,</span> <span class='ocrx_word' id='word_1_213' title='bbox 833 1881 1293 1932; x_wconf 48' lang='lat' dir='ltr'>mult11mffifidentibus</span> <span class='ocrx_word' id='word_1_214' title='bbox 1311 1891 1381 1942; x_wconf 88' lang='lat' dir='ltr'>qui</span> <span class='ocrx_word' id='word_1_215' title='bbox 1406 1891 1492 1942; x_wconf 80' lang='lat' dir='ltr'>ipsi·</span> 
     </span>
    </p>
   </div>
   <div class='ocr_carea' id='block_1_3' title="bbox 1475 1777 1579 2350">
    <p class='ocr_par' dir='ltr' id='par_1_8' title="bbox 1475 1777 1579 2350">
     <span class='ocr_line' id='line_1_28' title="bbox 1522 1777 1556 1848; baseline 0 692"><span class='ocrx_word' id='word_1_216' title='bbox 1522 1777 1556 1848; x_wconf 95' lang='lat' dir='ltr'> </span> 
     </span>
     <span class='ocr_line' id='line_1_29' title="bbox 1520 1848 1566 2094; baseline 0 -186"><span class='ocrx_word' id='word_1_217' title='bbox 1520 1848 1566 2094; x_wconf 95' lang='lat' dir='ltr'>    </span> 
     </span>
     <span class='ocr_line' id='line_1_30' title="bbox 1481 2094 1579 2280; baseline 0 0"><span class='ocrx_word' id='word_1_218' title='bbox 1481 2094 1579 2280; x_wconf 95' lang='lat' dir='ltr'>   </span> 
     </span>
     <span class='ocr_line' id='line_1_31' title="bbox 1475 2280 1579 2350; baseline 0 190"><span class='ocrx_word' id='word_1_219' title='bbox 1475 2280 1579 2350; x_wconf 95' lang='lat' dir='ltr'> </span> 
     </span>
    </p>
   </div>
   <div class='ocr_carea' id='block_1_4' title="bbox 79 1952 1546 2320">
    <p class='ocr_par' dir='ltr' id='par_1_9' title="bbox 79 1952 1546 2320">
     <span class='ocr_line' id='line_1_32' title="bbox 145 1952 1519 2006; baseline -0.001 -13"><span class='ocrx_word' id='word_1_220' title='bbox 145 1956 333 1994; x_wconf 88' lang='lat' dir='ltr'>viderant</span> <span class='ocrx_word' id='word_1_221' title='bbox 351 1955 497 2005; x_wconf 91' lang='lat' dir='ltr'>quique</span> <span class='ocrx_word' id='word_1_222' title='bbox 525 1968 549 1992; x_wconf 85' lang='lat' dir='ltr'>a</span> <span class='ocrx_word' id='word_1_223' title='bbox 577 1957 812 2005; x_wconf 81' lang='lat' dir='ltr'>parentibus</span> <span class='ocrx_word' id='word_1_224' title='bbox 837 1959 1073 2006; x_wconf 85' lang='lat' dir='ltr'>acceperant</span> <span class='ocrx_word' id='word_1_225' title='bbox 1098 1955 1201 1993; x_wconf 91' lang='lat' dir='ltr'>diem</span> <span class='ocrx_word' id='word_1_226' title='bbox 1229 1954 1343 1992; x_wconf 89' lang='lat' dir='ltr'>illum</span> <span class='ocrx_word' id='word_1_227' title='bbox 1369 1952 1490 1992; x_wconf 86' lang='lat' dir='ltr'>crudi·</span> <span class='ocrx_word' id='word_1_228' title='bbox 1516 1990 1519 1992; x_wconf 11' lang='grc' dir='ltr'>μ</span> 
     </span>
     <span class='ocr_line' id='line_1_33' title="bbox 145 2015 1482 2068; baseline -0.001 -14"><span class='ocrx_word' id='word_1_229' title='bbox 145 2017 276 2054; x_wconf 89' lang='lat' dir='ltr'>adhuc</span> <span class='ocrx_word' id='word_1_230' title='bbox 294 2017 447 2054; x_wconf 87' lang='lat' dir='ltr'>servitii</span> <span class='ocrx_word' id='word_1_231' title='bbox 466 2021 507 2054; x_wconf 92' lang='lat' dir='ltr'>et</span> <span class='ocrx_word' id='word_1_232' title='bbox 534 2017 734 2055; x_wconf 89' lang='lat' dir='ltr'>libertatis</span> <span class='ocrx_word' id='word_1_233' title='bbox 752 2018 981 2068; x_wconf 88' lang='lat' dir='ltr'>inprospere</span> <span class='ocrx_word' id='word_1_234' title='bbox 999 2018 1205 2067; x_wconf 87' lang='lat' dir='ltr'>repetitae,</span> <span class='ocrx_word' id='word_1_235' title='bbox 1224 2029 1318 2065; x_wconf 65' lang='lat' dir='ltr'>cum&gt;</span> <span class='ocrx_word' id='word_1_236' title='bbox 1333 2015 1482 2065; x_wconf 49' lang='lat' dir='ltr'>ocffisus</span> 
     </span>
     <span class='ocr_line' id='line_1_34' title="bbox 145 2076 1546 2129; baseline -0.002 -13"><span class='ocrx_word' id='word_1_237' title='bbox 145 2079 315 2117; x_wconf 89' lang='lat' dir='ltr'>dictator</span> <span class='ocrx_word' id='word_1_238' title='bbox 333 2078 478 2116; x_wconf 84' lang='lat' dir='ltr'>Caesar</span> <span class='ocrx_word' id='word_1_239' title='bbox 505 2079 594 2116; x_wconf 89' lang='lat' dir='ltr'>aliis</span> <span class='ocrx_word' id='word_1_240' title='bbox 621 2080 847 2129; x_wconf 88' lang='lat' dir='ltr'>pessimum,</span> <span class='ocrx_word' id='word_1_241' title='bbox 868 2080 956 2117; x_wconf 86' lang='lat' dir='ltr'>aliis</span> <span class='ocrx_word' id='word_1_242' title='bbox 984 2078 1295 2128; x_wconf 86' lang='lat' dir='ltr'>pulcherrimum</span> <span class='ocrx_word' id='word_1_243' title='bbox 1323 2076 1481 2114; x_wconf 74' lang='lat' dir='ltr'>facinus</span> <span class='ocrx_word' id='word_1_244' title='bbox 1543 2126 1546 2129; x_wconf 19' lang='grc' dir='ltr'>ι</span> 
     </span>
     <span class='ocr_line' id='line_1_35' title="bbox 79 2137 1482 2191; baseline -0.003 -12"><span class='ocrx_word' id='word_1_245' title='bbox 79 2149 127 2184; x_wconf 88' lang='grc'>30</span> <span class='ocrx_word' id='word_1_246' title='bbox 145 2141 368 2179; x_wconf 85' lang='lat' dir='ltr'>videretur:</span> <span class='ocrx_word' id='word_1_247' title='bbox 398 2154 506 2178; x_wconf 92' lang='lat' dir='ltr'>nunc</span> <span class='ocrx_word' id='word_1_248' title='bbox 533 2154 667 2179; x_wconf 92' lang='lat' dir='ltr'>senem</span> <span class='ocrx_word' id='word_1_249' title='bbox 696 2142 927 2191; x_wconf 82' lang='lat' dir='ltr'>principem,</span> <span class='ocrx_word' id='word_1_250' title='bbox 947 2142 1066 2191; x_wconf 87' lang='lat' dir='ltr'>longa</span> <span class='ocrx_word' id='word_1_251' title='bbox 1094 2140 1287 2191; x_wconf 84' lang='lat' dir='ltr'>potentia,</span> <span class='ocrx_word' id='word_1_252' title='bbox 1315 2137 1482 2189; x_wconf 84' lang='lat' dir='ltr'>provisis</span> 
     </span>
     <span class='ocr_line' id='line_1_36' title="bbox 144 2199 1481 2253; baseline 0 -13"><span class='ocrx_word' id='word_1_253' title='bbox 144 2204 265 2241; x_wconf 83' lang='lat' dir='ltr'>etiam</span> <span class='ocrx_word' id='word_1_254' title='bbox 302 2203 494 2240; x_wconf 88' lang='lat' dir='ltr'>heredum</span> <span class='ocrx_word' id='word_1_255' title='bbox 531 2203 574 2239; x_wconf 92' lang='lat' dir='ltr'>in</span> <span class='ocrx_word' id='word_1_256' title='bbox 611 2216 695 2240; x_wconf 89' lang='lat' dir='ltr'>rem</span> <span class='ocrx_word' id='word_1_257' title='bbox 730 2203 930 2252; x_wconf 90' lang='lat' dir='ltr'>publicam</span> <span class='ocrx_word' id='word_1_258' title='bbox 963 2204 1115 2253; x_wconf 75' lang='lat' dir='ltr'>opibUS‚</span> <span class='ocrx_word' id='word_1_259' title='bbox 1148 2201 1299 2240; x_wconf 81' lang='lat' dir='ltr'>auxilio</span> <span class='ocrx_word' id='word_1_260' title='bbox 1332 2199 1481 2240; x_wconf 77' lang='lat' dir='ltr'>scilieet</span> 
     </span>
     <span class='ocr_line' id='line_1_37' title="bbox 143 2263 1273 2320; baseline -0.003 -16"><span class='ocrx_word' id='word_1_261' title='bbox 143 2265 311 2304; x_wconf 86' lang='lat' dir='ltr'>militari</span> <span class='ocrx_word' id='word_1_262' title='bbox 337 2264 544 2313; x_wconf 87' lang='lat' dir='ltr'>tuendum,</span> <span class='ocrx_word' id='word_1_263' title='bbox 573 2268 620 2302; x_wconf 93' lang='lat' dir='ltr'>ut</span> <span class='ocrx_word' id='word_1_264' title='bbox 647 2266 854 2318; x_wconf 86' lang='lat' dir='ltr'>sepultura</span> <span class='ocrx_word' id='word_1_265' title='bbox 882 2265 965 2302; x_wconf 88' lang='lat' dir='ltr'>eius</span> <span class='ocrx_word' id='word_1_266' title='bbox 992 2265 1129 2320; x_wconf 88' lang='lat' dir='ltr'>quieta</span> <span class='ocrx_word' id='word_1_267' title='bbox 1157 2263 1273 2306; x_wconf 76' lang='lat' dir='ltr'>foret.</span> 
     </span>
    </p>
   </div>
  </div>
 </body>
</html>
