1664 2540
558 211 663 237 noox
691 211 733 247 1.,
762 210 881 237 cun.
911 199 974 236 58.
1382 196 1432 234 33

99 303 144 343 in
160 304 384 351 obsidentis,
404 307 447 342 et
464 307 624 354 ereptus
643 303 823 353 Segestes
842 314 990 352 magna
1007 314 1099 339 cum
1118 300 1433 352 propinquorum

101 369 143 404 et
173 366 379 404 clientium
409 378 544 403 manu.
600 365 770 402 Inerant
798 363 973 402 feminae
1004 363 1166 411 nobiles,
1198 363 1307 401 inter
1335 374 1436 414 quas

101 440 203 466 uxor
227 427 403 466 Arminii
429 428 643 477 eademque
670 426 753 464 filia
782 425 964 476 Segestis,
993 426 1132 463 mariti
1159 425 1288 475 magis
1314 436 1434 475 quam

100 489 281 539 parentis
296 488 442 536 animo,
457 501 585 538 neque
602 489 729 526 evicta
747 489 790 525 in
807 488 994 526 lacrimas
1007 500 1136 538 neque
1148 500 1241 526 voce
1254 487 1434 538 supplex,

101 550 330 600 compressis
347 550 458 588 intra
484 550 615 587 sinum
642 550 825 587 manibus
841 549 1053 599 gravidum
1080 553 1241 587 uterum
1259 549 1436 587 intuens.

102 611 351 649 Ferebantur
376 614 418 648 et
444 611 569 661 spolia
588 611 795 648 Varianae
821 611 955 658 cladis,
976 611 1174 661 plerisque
1201 623 1338 648 eorum
1366 610 1436 659 qui

101 675 192 710 tum
217 672 262 709 in
289 672 527 710 deditionem
554 672 768 709 veniebant
791 672 963 722 praedae
989 671 1097 719 data,
1117 671 1237 709 simul
1257 671 1437 721 Segestes

101 733 198 784 ipse,
215 733 357 784 ingens
374 733 462 771 visu
480 737 522 771 et
540 733 729 771 memoria
748 733 875 770 bonae
893 733 1089 770 societatis
1105 733 1327 783 inpavidus.

157 846 320 884 LVIII.
348 847 485 884 Verba
513 847 598 884 eius
626 846 669 884 in
705 846 812 883 hunc
845 846 1004 883 modum
1038 845 1174 884 fuere:
1223 848 1247 867 ‘⁴
1263 859 1345 884 non
1374 846 1439 883 hie

103 908 204 947 mihi
229 908 380 958 primus
406 921 501 958 erga
527 909 717 958 populum
745 908 974 945 Romanum
1002 908 1093 946 fidei
1120 913 1162 946 et
1190 909 1439 946 constantiae

105 970 199 1010 die&
255 971 320 1008 Ex
336 983 415 1020 quo
433 983 457 1006 a
476 970 567 1008 divo
584 971 772 1020 Augusto
790 969 954 1008 civitate
972 970 1144 1008 donatus
1171 983 1272 1018 sum,
1292 970 1439 1008 amicos

105 1031 359 1081 inimicosque
377 1044 427 1069 ex
444 1031 586 1068 vestris
603 1032 849 1068 utilitatibus
866 1030 1004 1081 delegi,
1024 1044 1152 1081 neque
1176 1032 1265 1069 odio
1283 1032 1439 1081 patriae

106 1092 268 1145 (quippe
294 1093 513 1142 proditores
539 1093 660 1130 etiam
686 1093 734 1130 iis
761 1106 859 1142 quos
885 1097 1138 1142 anteponunt
1166 1093 1285 1130 invisi
1312 1092 1438 1144 sunt),

104 1167 244 1192 verum
261 1155 357 1204 quia
377 1154 569 1191 Romanis
587 1154 874 1203 Germanisque
892 1154 995 1191 idem
1015 1154 1230 1191 conducere
1249 1158 1288 1191 et
1304 1167 1439 1204 pacem

105 1228 227 1266 quam
244 1216 391 1253 bellum
410 1215 638 1265 probabam.
696 1215 803 1264 Ergo
821 1219 1024 1264 raptorem
1049 1215 1155 1252 filiae
1174 1228 1297 1262 meae,
1317 1215 1440 1253 viola-

106 1281 235 1315 torem
270 1276 439 1314 foederis
474 1276 608 1323 vestri,
639 1276 872 1312 Arminium
908 1276 1014 1325 apud
1043 1277 1216 1323 Varum,
1245 1276 1316 1326 qui
1352 1280 1438 1314 tum

106 1338 298 1376 exercitui
329 1337 592 1387 praesidebat,
625 1350 737 1374 reum
770 1336 857 1374 feci.
915 1337 1076 1374 Dilatus
1112 1338 1284 1387 segnitia
1320 1337 1442 1384 ducis,

106 1399 203 1449 quia
229 1411 370 1453 parum
399 1398 583 1448 praesidii
610 1398 654 1435 in
680 1398 832 1448 legibus
858 1402 959 1445 erat,
978 1402 1026 1436 ut
1053 1411 1117 1436 me
1143 1402 1185 1436 et
1208 1399 1439 1436 Arminium

107 1463 150 1498 et
176 1461 348 1497 conscios
375 1460 543 1497 vinciret
571 1459 775 1509 flagitavi:
809 1460 923 1497 taetis
949 1460 1017 1496 illa
1044 1473 1135 1506 nox,
1155 1460 1254 1497 mihi
1281 1460 1439 1497 utinam

107 1522 240 1572 potius
270 1521 508 1558 novissima!
563 1521 674 1565 Quae
702 1524 835 1557 secuta
863 1524 970 1567 sunt,
999 1520 1133 1558 defleri
1165 1521 1292 1570 magis
1318 1533 1439 1570 quam

108 1582 267 1620 defendi
295 1586 482 1632 possunt:
519 1586 692 1619 ceterum
721 1586 762 1619 et
789 1583 903 1620 inieci
936 1587 1100 1620 catenas
1126 1583 1313 1620 Arminio
1344 1587 1386 1619 et
1416 1595 1442 1619 a

108 1645 279 1682 factione
308 1644 391 1681 eius
418 1644 585 1681 iniectas
611 1656 818 1694 perpessus
843 1657 943 1680 sum.
998 1645 1137 1693 Atque
1169 1644 1238 1681 ubi
1266 1644 1440 1694 primum

109 1706 172 1744 tui
190 1706 313 1756 copia,
333 1709 469 1742 vetera
496 1705 608 1742 novis
634 1709 675 1742 et
694 1705 831 1755 quieta
858 1705 1030 1742 turbidis
1057 1705 1292 1752 antehabeo‚
1311 1717 1441 1754 neque

110 1768 160 1806 ob
187 1767 421 1818 praemium,
451 1767 518 1804 sed
554 1771 602 1805 ut
638 1780 702 1804 me
737 1767 902 1817 perfidia
933 1767 1144 1814 exsolvam,
1178 1767 1296 1804 simul
1327 1760 1441 1816 genti

111 1829 400 1868 Germanorum
440 1829 603 1866 idoneus
644 1829 882 1875 conciliator,
919 1829 952 1865 si
995 1829 1282 1878 paenitentiam
1318 1841 1440 1878 quam

111 1890 321 1940 perniciem
358 1889 556 1927 maluerit.
621 1890 701 1927 Pro
735 1890 899 1927 iuventa
934 1893 974 1927 et
1011 1896 1142 1927 errore
1178 1890 1250 1927 fflii
1284 1890 1441 1926 veniam

111 1963 269 2001 precor:
310 1951 435 1988 filiam
452 1957 457 1959 ’
472 1952 704 1988 necessitate
739 1951 816 1988 huc
852 1951 1063 1988 adductam
1099 1951 1242 1989 fateor.
1309 1951 1440 1988 Tuum

112 2013 189 2050 erit
207 2013 441 2059 consultare,
461 2016 598 2049 utrum
617 2013 855 2062 praevaleat,
870 2013 974 2062 quod
993 2025 1042 2050 ex
1059 2013 1245 2050 Arminio
1263 2012 1441 2062 concepit

111 2072 286 2122 an-quod
305 2085 353 2110 ex
370 2086 434 2110 me
451 2074 588 2123 genita
605 2073 699 2111 est?
738 2074 886 2111 Caesar
901 2074 1087 2111 clementi
1106 2087 1290 2123 responso
1307 2074 1441 2111 liberis

112 2133 419 2183 propinquisque
437 2133 521 2171 eius
537 2133 865 2180 incolumitatem,
884 2135 959 2184 ipsi
976 2134 1107 2171 sedem
1125 2138 1258 2172 vetere
1285 2135 1327 2171 in
1354 2147 1440 2183 pro-

113 2194 243 2232 vincia
260 2194 478 2244 pollicetur.
526 2195 756 2232 Exercitum
774 2195 933 2232 reduxit
951 2208 1173 2245 nomenque
1191 2195 1442 2245 imperatoris

114 2258 274 2292 auctore
290 2255 445 2292 Tiberio
462 2256 623 2305 accepit.
678 2256 854 2293 Arminii
873 2269 972 2293 uxor
990 2257 1123 2294 virilis*
1142 2270 1258 2294 sexus
1276 2257 1439 2306 stirpem

1455 431 1495 468 15

1462 1414 1505 1439 10

1463 1714 1503 1751 ι5

1459 2024 1504 2049 20

114 2315 259 2353 edidit:
287 2315 478 2353 educatus
496 2317 714 2354 Ravennae
740 2329 839 2366 puer
865 2330 943 2366 quo
970 2330 1062 2354 mox
1088 2317 1259 2355 ludibrio
1284 2317 1439 2354 conflic-
1458 2327 1500 2363 25

115 2379 229 2414 tatus
244 2376 310 2423 sit,
326 2376 371 2414 in
386 2380 563 2427 tempore
580 2378 816 2415 memorabO.

184 2444 248 2471 rae.
259 2443 296 2471 Α,
308 2445 335 2471 ι.
1256 2440 1283 2476 4
