1664 2540
510 208 617 237 Boon
647 208 690 244 1.,
719 209 859 237 omps,
889 197 952 245 24,
982 198 1044 237 25.
1396 198 1445 235 15

113 299 354 338 militaribus
382 300 538 338 facetiis
564 301 799 338 vocabulum
826 304 849 321 “
863 301 958 338 cedo
984 301 1153 339 alteram
1169 299 1188 315 ”
1206 299 1445 346 indiderant,

112 359 206 412 quia
235 361 367 399 fracta
402 362 484 400 vite
520 362 564 399 in
599 365 714 412 tergo
748 362 889 399 militis
923 361 1092 399 alteram
1130 361 1236 399 clara
1267 373 1371 406 voce,
1399 373 1447 397 ac

113 437 251 462 rursus
267 424 387 460 aliam
405 424 601 474 poscebat.
653 424 814 462 Ceteros
831 423 1006 461 latebrae
1025 428 1172 470 texere,
1192 436 1272 460 uno
1289 425 1447 460 retento

114 486 316 524 Clemente
334 485 450 532 Iulio,
465 485 535 535 qui
549 485 791 554 perferendis
809 485 983 523 militum
1003 485 1204 522 mandatis
1222 484 1448 522 habebatur

113 547 276 585 idoneus
288 547 339 585 ob
352 547 606 597 promptum
596 547 812 597 ingenium.
853 547 987 592 Quin
975 559 1084 596 1psae
1099 546 1206 583 inter
1219 559 1260 586 se
1274 545 1448 596 legiones

114 613 256 647 octava
274 613 315 647 et
333 609 477 660 quinta
490 609 654 646 decuma
673 609 1049 666 ferrugpambant,
1065 609 1160 645 dum
1174 609 1447 646 centurionem

114 675 389 721 cognomento
401 671 598 721 Sirpicum
628 671 699 708 illa
731 671 853 708 morti
878 670 1065 720 deposcit,
1096 669 1448 720 quintadecumani

114 736 295 780 tuentur,
323 731 505 770 niviniles
532 745 713 770 nonanus
740 745 873 782 preces
900 736 941 769 et
968 732 1178 770 adversum
1196 731 1449 781 aspernantis

114 794 245 832 minas
261 793 530 831 interiecisset.

168 911 330 950 XXIV.
360 911 475 948 Haec
492 911 632 948 audita
651 923 895 960 quamquam
913 911 1142 948 abstrusum
1160 914 1202 948 et
1220 910 1449 948 tristissima

115 985 297 1022 quaeque
312 972 485 1010 maxime
499 973 764 1010 occultantem
775 973 976 1010 Tiberium
987 973 1194 1022 perpulere
1209 975 1256 1009 ut
1270 973 1449 1010 Drusum

117 1029 243 1071 filium
262 1046 352 1071 cum
371 1034 610 1083 primoribus
628 1034 804 1071 civitatis
821 1034 1051 1083 duabusque
1079 1033 1290 1083 praetoriis
1317 1033 1451 1070 cohor-

118 1096 224 1133 tibus
242 1096 434 1142 mitteret,
446 1096 567 1132 nullis
577 1096 676 1132 satis
689 1097 807 1133 certis
817 1096 1028 1142 mandatis,
1042 1108 1091 1132 ex
1105 1108 1148 1132 re
1158 1095 1447 1132 consulturum.

119 1157 175 1195 Et
193 1157 372 1195 cohortes
392 1158 539 1195 delecto
558 1157 684 1195 milite
702 1171 824 1207 supra
841 1158 1002 1195 solitum
1021 1158 1216 1194 firmatae.
1231 1156 1451 1204 VAdditur

118 1231 266 1269 magna
283 1231 378 1268 pars
395 1218 636 1268 praetoriani
654 1219 799 1268 equitis
822 1223 863 1256 et
890 1219 1030 1256 robora
1050 1219 1361 1265 Germanorum,
1380 1218 1451 1268 qui

118 1284 207 1317 tum
225 1280 404 1318 custodes
422 1280 654 1330 imperatori
668 1279 838 1317 aderant
851 1294 863 1327 3
891 1279 1009 1316 simul
1023 1279 1214 1329 praetorii
1224 1279 1451 1328 praefectus

118 1342 259 1380 Aelius
288 1342 463 1389 Seianus,
493 1342 640 1391 collega
670 1341 857 1380 Straboni
892 1342 1001 1391 patri
1036 1355 1107 1379 suo
1141 1342 1273 1389 datuS,
1302 1354 1450 1391 magna

42 1446 50 1455 ι
76 1450 80 1453 -
120 1404 228 1453 apud
253 1403 455 1440 Tiberium
482 1404 736 1450 auctoritate,
755 1406 886 1440 rector
912 1403 1048 1441 iuveni
1074 1407 1115 1441 et
1143 1404 1285 1441 ceteris
1302 1403 1452 1453 pericu-

120 1464 248 1502 lorum
294 1465 638 1514 praemiorumque
682 1467 916 1501 ostentator.
986 1464 1118 1502 Druso
1162 1464 1452 1514 propinquanti

122 1525 235 1574 quasi
271 1537 341 1574 per
376 1524 545 1561 officium
582 1525 719 1561 obviae
755 1525 869 1562 fuere
897 1524 1081 1575 legiones,
1114 1539 1195 1563 non
1231 1526 1373 1572 laetae,
1404 1530 1452 1563 ut

47 1586 53 1595 '
122 1586 286 1632 adsolet,
305 1599 433 1635 neque
459 1586 680 1636 insignibus
706 1586 917 1636 fulgentes,
946 1587 1012 1624 sed
1039 1587 1188 1625 inluvie
1216 1587 1383 1625 deformi
1411 1591 1452 1626 et

123 1646 251 1694 vultu,
297 1659 540 1696 quamquam
586 1647 829 1684 maestitiam
874 1647 1144 1696 imitarentur,
1167 1649 1452 1686 *contumaciae

122 1719 330 1758 propiores

178 1825 317 1864 XXV.
364 1825 579 1876 Postquam
624 1827 773 1864 vallum
827 1827 981 1875 introit,
1026 1832 1162 1878 portas
1214 1829 1454 1867 stationibus

99 1894 103 1896 “
126 1887 302 1933 firmant,
329 1887 463 1937 globos
490 1893 736 1926 armatorum
764 1889 883 1926 certis
908 1893 1129 1938 castrorum
1157 1890 1251 1928 locis
1281 1891 1455 1940 opperiri

127 1948 282 1995 iubent,
327 1949 446 1985 ceteri
490 1949 671 1986 tribunal
719 1949 874 2007 ingenti
919 1950 1079 2000 agmine
1123 1951 1452 1989 circumveniunt.

128 2008 271 2046 Stabat
290 2008 446 2046 Drusus
463 2009 664 2046 silentium
682 2023 807 2047 manu
821 2011 996 2060 'poscens
1044 2011 1306 2066 IQquotiens
1323 2013 1454 2051 oculos

127 2067 180 2106 ad
206 2062 503 2107 multitudinem
530 2071 784 2118 rettulerant,
813 2072 971 2109 vocibus
999 2072 1236 2110 truculentis
1264 2078 1451 2123 strepere,

46 2135 74 2189 ἰ’
107 2126 288 2187 {tursum
315 2129 397 2167 viso
429 2131 615 2168 Caesare
622 2132 833 2182 trepidare.
890 2132 1079 2170 Murmur
1099 2134 1308 2181 incertum,
1336 2139 1455 2172 atrox

0 2192 12 2213 ἕ
45 2189 278 2245 fijaeclamor
303 2194 346 2228 et
371 2196 534 2251 repente
559 2193 691 2242 quiae3
718 2193 881 2231 diversis
907 2194 1130 2232 animorum
1147 2195 1320 2234 motibus
1338 2209 1453 2246 pave-

130 2249 231 2288 bant
258 2245 556 2302 terrebantque.
611 2253 788 2291 Tandem
824 2255 1050 2313 interrupto
1084 2257 1264 2294 tumultu
1300 2258 1454 2295 litteras

127 2312 266 2362 patris
285 2313 438 2360 recitat,
466 2315 510 2352 in
541 2315 629 2364 quis
660 2310 921 2366 perscriptum
957 2322 1075 2364 erat,
1089 2315 1342 2367 praecipuam
1379 2318 1454 2368 ipsi

1473 1469 1516 1494 10

129 2373 433 2413 fortissimarum
460 2375 660 2426 legionum
687 2390 837 2424 curam,
875 2378 1108 2428 quibuscum
1143 2379 1316 2428 plurima
1351 2380 1455 2417 bella
1476 2391 1518 2419 10
