1664 2540
509 204 617 232 Boou
645 204 687 240 1.‚
715 203 854 231 curs.
887 193 948 239 12,
979 191 1041 230 13.
1418 189 1441 226 9

112 297 256 348 quibus
285 310 390 336 unus
425 300 556 336 metus
591 298 624 335 si
660 296 891 347 intellegere
926 296 1169 342 viderentur,
1203 294 1243 332 in
1282 298 1455 394 questu?

112 359 311 414 lacrimas,
326 363 420 398 vota
456 359 606 397 effundi
617 373 629 407 3
669 359 720 396 ad
751 359 854 406 deOS,
886 358 938 396 ad
970 357 1137 408 effigiem
1169 356 1360 406 Augusti,
1392 369 1418 394 a

112 433 243 471 genua
272 420 397 471 ipsius
431 433 576 459 manus
612 420 786 467 tendere,
816 432 907 457 cum
938 419 1110 469 proferri
1141 418 1320 455 libellum
1350 418 1446 455 reci-

113 482 271 533 tarique
310 483 438 520 iussit.
512 482 617 532 Opes
662 482 843 532 publicae
889 481 1210 526 continebantur,
1247 483 1446 530 quantum

112 543 258 581 civium
272 543 543 594 sociorumque
560 543 604 580 in
622 543 756 590 armis,
769 546 869 593 quot
886 543 1040 589 classes,
1055 554 1192 592 regna,
1207 540 1447 591 provinciae,

113 605 271 643 tributa
288 608 361 642 aut
378 605 600 655 vectigalia,
620 609 662 642 et
686 605 940 642 necessitates
967 608 1009 642 et
1036 603 1280 654 largitiones.
1336 603 1449 648 Quae

115 669 259 704 cuncta.
302 679 375 704 sua
420 679 544 703 manu
590 666 871 716 perscripserat
916 666 1128 715 Augustus
1163 664 1449 714 addideratque

115 727 319 765 eonsilium
346 728 548 765 coercendi
574 728 684 765 intra
711 727 902 765 terminos
926 726 1095 777 imperii,
1115 727 1311 764 incertum
1338 730 1447 763 metu

116 801 172 826 an
197 801 269 839 per
294 788 498 827 invidiam.

170 909 274 947 XII.
304 909 420 946 Inter
451 921 555 959 quae
585 912 728 946 senatu
760 909 812 946 ad
853 909 1011 947 infimas
1052 909 1338 946 obtestationes
1364 921 1451 959 pro-

117 970 340 1015 cumbente,
359 970 461 1008 dixit
487 970 592 1008 forte
618 971 798 1008 Tiberius
824 983 866 1008 se
893 974 940 1017 ut
967 984 1048 1008 non
1075 971 1152 1008 toti
1183 971 1241 1007 rei
1269 971 1451 1020 publicae

117 1043 268 1082 parem,
287 1032 346 1084 iga
363 1040 635 1082 quaecumque
661 1045 755 1082 pars
782 1033 855 1070 sibi
882 1032 1159 1079 mandaretur,
1179 1032 1263 1069 eius
1282 1032 1450 1069 tutelam

117 1098 405 1143 suscepturum.
478 1095 580 1131 Tum
615 1094 782 1131 Asinius
818 1094 960 1132 Gallus
997 1094 1236 1144 “interrogo
1250 1093 1270 1108 ''
1306 1094 1451 1143 inquit,

119 1157 143 1176 “
157 1155 313 1202 Caesar,
344 1167 465 1204 quam
498 1159 654 1205 partem
684 1156 743 1192 rei
774 1156 954 1205 publicae
991 1155 1173 1193 mandari
1210 1155 1285 1192 tibi
1320 1154 1453 1192 velis.'’

118 1215 327 1254 Perculsus
362 1216 561 1266 inprovisa
597 1216 910 1266 interrogatione
945 1217 1111 1266 paulum
1148 1217 1324 1264 reticuit,
1361 1216 1454 1254 dein

121 1277 282 1315 collecto
313 1278 447 1315 animo
475 1277 679 1327 respondit
710 1290 965 1327 nequaquam
993 1277 1178 1315 decorum
1209 1277 1351 1328 pudori
1382 1290 1455 1315 suo

120 1338 251 1388 legere
269 1338 418 1388 aliquid
444 1342 515 1375 aut
542 1339 694 1376 evitare
722 1351 771 1375 ex
797 1351 853 1386 eo,
874 1338 938 1391 egi
964 1338 1007 1376 in
1026 1339 1255 1376 universum
1274 1339 1455 1376 excusari

122 1399 271 1438 mallet.
326 1401 504 1438 Rursum
540 1401 680 1438 Gallus
717 1399 883 1452 (etenim
920 1401 1039 1438 vultu
1074 1402 1328 1439 offensionem
1363 1414 1455 1439 con-

122 1460 359 1512 iectaverat)
379 1475 459 1499 non
486 1461 630 1499 idcirco
657 1462 950 1513 interrogatum
978 1462 1050 1510 ait,
1070 1466 1117 1500 ut
1142 1463 1337 1500 divideret
1354 1475 1458 1512 quae

124 1522 302 1572 separari
319 1523 543 1572 nequirent,
562 1523 630 1561 sed
648 1528 695 1561 ut
714 1537 786 1561 sua
805 1523 1046 1562 confessione
1063 1528 1312 1574 argueretur,
1330 1536 1458 1562 unum

126 1596 209 1621 esse
252 1585 311 1621 rei
350 1586 531 1635 publicae
567 1599 708 1636 corpus
743 1590 864 1636 atque
901 1586 1019 1624 unius
1055 1586 1190 1624 animo
1228 1586 1456 1636 regendum.

125 1645 293 1683 Addidit
310 1646 468 1684 laudem
487 1647 534 1684 de
552 1648 739 1697 Augusto
755 1648 1035 1698 'liberiumque
1051 1648 1182 1698 ipsum
1200 1648 1459 1686 victoriarum

127 1719 291 1744 suarum
326 1720 506 1758 quaeque
541 1709 584 1746 in
620 1714 715 1759 toga
751 1722 822 1760 per
856 1713 919 1747 tot
955 1722 1080 1747 annos
1116 1710 1270 1759 egregie
1306 1709 1461 1747 fecisset

127 1767 344 1806 admonuit.
412 1769 498 1807 Nec
532 1770 619 1807 ideo
655 1771 757 1808 iram
795 1771 881 1808 eius
915 1771 1068 1819 lenivit,
1105 1772 1259 1821 pridem
1296 1764 1449 1809 invisus

59 1863 78 1870 ,
128 1832 325 1882 tanquam
361 1830 482 1868 ducta
518 1831 561 1869 in
597 1833 898 1870 matrimonium
935 1833 1132 1883 Vipsania
1168 1832 1226 1870 M.
1258 1833 1462 1883 Agrippae

130 1890 226 1937 filia,
244 1900 347 1940 quae
373 1892 572 1940 quondam
600 1893 747 1930 Tiberii
771 1907 871 1931 uxor
898 1893 1045 1941 fuerat,
1064 1894 1153 1944 plus
1180 1906 1302 1943 quam
1330 1894 1462 1931 civilia

130 1950 305 2001 agitaret
322 1948 587 2002 Pollionisque
604 1954 736 1991 Asinii
755 1955 884 2004 patris
901 1954 1087 1993 ferociam
1106 1957 1316 2005 retineret„

183 2065 310 2103 XIII.
340 2066 437 2104 Post
461 2058 562 2117 quae
589 2069 634 2106 L.
655 2058 879 2108 Arruntius
906 2070 1015 2107 haud
1041 2067 1464 2122 multumHiscrepans

133 2138 161 2164 a
187 2126 293 2164 Galli
318 2128 499 2166 oratione
522 2130 690 2179 perinde-
704 2131 880 2178 offendit,
900 2144 1143 2181 quamquam
1170 2133 1324 2170 Tiberio
1351 2134 1464 2170 nulla

133 2190 250 2227 vetus
278 2188 323 2226 in
352 2190 598 2229 Arruntium
626 2191 699 2239 ira,
719 2192 796 2230 sed
830 2192 1006 2239 divitem,
1036 2197 1280 2243 promptum,
1309 2195 1465 2232 artibus

133 2248 302 2298 egregiis
319 2253 361 2286 et
379 2250 771 2310 paQAEn—a-pgblipe,
785 2254 1049 2302 suspectabat.
1087 2255 1244 2304 Quippe
1254 2255 1466 2305 Augustus

134 2308 328 2358 supremis
354 2311 600 2349 sermonibus
626 2325 717 2357 cum
744 2317 952 2361 tractaret,
978 2315 1143 2364 quinam
1170 2315 1331 2365 adipisci
1358 2317 1466 2365 prin-

136 2368 262 2419 cipem
294 2369 422 2408 locum
451 2372 654 2410 suffecturi
682 2362 905 2412 abnuerent
937 2379 1010 2412 aut
1037 2375 1194 2425 inpares
1226 2377 1374 2414 vellent
1403 2377 1466 2413 vel

473 2417 663 2433 ἡ

1469 427 1508 463 ¹5

1468 738 1514 764 20

1480 1475 1575 1501 10·

1450 1788 1523 1824 ,15
