1664 2540
188 181 236 218 16
669 191 847 228 rmerrus,
875 191 1043 219 ANNALs.

183 284 453 322 toleravisset:
484 285 553 322 ubi
567 284 741 334 primum
757 297 781 321 a
795 284 907 322 luctu
923 285 1140 335 requiesset
1153 284 1324 333 animus,
1339 289 1526 326 acturum

181 346 289 396 apud
308 350 444 396 patres
462 347 510 384 de
529 347 743 397 postulatis
761 359 910 383 eorum.
961 346 1117 384 Misisse
1135 346 1297 384 interim
1316 347 1456 396 filium,
1476 351 1524 386 ut

180 409 264 446 sine
301 409 554 446 cunctatione
591 409 820 446 concederet
858 421 961 458 quae
997 410 1139 446 statim
1177 409 1304 447 tribui
1339 413 1523 459 possent;

179 474 312 509 cetera
330 471 488 508 senatui
508 472 716 518 servanda,
737 483 855 520 quem
881 483 1011 521 neque
1037 471 1194 521 gratiae
1221 483 1350 522 neque
1377 472 1520 510 severi-

178 533 277 571 tatis
297 537 498 584 expertem
518 534 657 571 haberi
677 547 748 583 par
767 538 879 571 esset.

156 620 191 681 xl
230 669 395 707 XXVI.
427 669 676 719 Responsum
691 671 752 706 est
765 682 789 706 a
800 669 995 716 contione,
1010 668 1204 721 mandata
1220 669 1417 707 Clementi
1431 683 1518 708 cen-

175 731 326 768 turioni
338 744 438 781 quae
449 731 658 781 perferret.
690 732 733 768 Is
744 731 900 768 orditur
911 730 959 768 de
971 731 1154 768 missione
1166 745 1191 768 a
1203 731 1370 769 sedecim
1385 731 1514 780 annis,

174 793 222 830 de
241 793 429 843 praemiis
447 793 584 830 finitae
599 793 779 841 militiae,
796 797 843 830 ut
857 793 1044 831 denarius
1063 793 1254 830 diurnum
1272 793 1515 843 stipendium

173 854 288 902 foret,
318 868 369 892 ne
397 855 578 893 veterani
607 855 680 891 sub
708 855 853 892 vexillo
878 855 1132 897 haberentur.
1189 854 1256 892 Ad
1282 866 1330 892 ea
1358 854 1515 893 Drusus

133 933 151 967 5
172 930 261 954 cum
274 917 488 955 arbitrium
501 905 662 954 senatus
676 920 717 954 et
728 917 857 966 patris
868 917 1113 963 obtenderet,
1126 916 1295 954 clamore
1309 917 1511 956 turbatur.

173 980 262 1017 Cur
290 980 463 1017 venisset
509 992 638 1029 neque
684 979 876 1029 augendis
922 979 1098 1016 militum
1136 978 1344 1029 stipendiis
1382 991 1512 1029 neque

170 1042 391 1080 allevandis
418 1042 634 1089 laboribus,
664 1041 833 1091 denique
862 1041 974 1078 nulla
1003 1041 1102 1079 bene
1130 1040 1301 1079 faciendi
1319 1040 1510 1080 licentia?

169 1103 228 1140 At
256 1103 415 1141 hercule
448 1104 613 1142 verbera
641 1107 682 1141 et
710 1115 845 1140 necem
875 1103 1029 1140 cunctis
1060 1102 1251 1153 permitti.
1307 1102 1508 1141 Tiberium

168 1166 261 1202 olim
282 1166 441 1203 nomine
459 1166 637 1216 Augusti
658 1165 851 1203 desideria
870 1165 1072 1215 legionum
1099 1164 1290 1202 frustrari
1317 1165 1479 1202 solitum
1493 1178 1506 1213 3

107 1237 149 1262 10
167 1229 325 1267 easdem
357 1233 463 1267 artes
493 1230 672 1267 Drusum
703 1229 896 1266 retulisse.
955 1228 1242 1278 Numquamne
1270 1227 1323 1266 ad
1351 1239 1392 1265 se
1427 1227 1506 1266 nisi

166 1291 265 1329 filios
283 1291 528 1329 familiarum
543 1295 732 1329 venturos
747 1293 760 1328 [l
806 1284 1020 1330 Novumid
1035 1289 1154 1339 plane
1169 1289 1274 1340 quod
1287 1289 1505 1341 imperator

165 1354 247 1391 sola
276 1353 414 1391 militis
442 1353 646 1390 commoda
679 1352 731 1389 ad
761 1356 946 1389 senatum
983 1351 1132 1389 reiciat.
1190 1350 1372 1389 Eundem
1409 1364 1503 1401 ergo

164 1419 348 1452 senatum
378 1414 674 1462 consulendum,
695 1414 875 1463 quotiens
903 1413 1094 1462 supplicia
1122 1416 1195 1449 aut
1221 1412 1371 1463 proelia
1398 1412 1500 1450 indi-

163 1481 309 1514 cantur
326 1491 333 1515 :
363 1490 417 1514 an
436 1476 615 1526 praemia
635 1476 709 1513 sub
728 1475 908 1522 dominis,
929 1487 1073 1524 poenas
1091 1475 1176 1512 sine
1194 1474 1347 1512 arbitro
1366 1476 1474 1514 esse?

214 1612 404 1649 XXVII.
435 1611 639 1649 Postremo
665 1610 852 1648 deserunt
880 1609 1071 1656 tribunal,
1091 1612 1139 1647 ut
1166 1610 1255 1659 quis
1281 1598 1497 1660 praeto'ria-

157 1686 301 1711 norum
338 1674 513 1711 militum
550 1673 698 1710 amicm
700 1685 817 1710 umve
854 1672 1034 1709 Caesaris
1079 1676 1314 1724 occurreret,
1322 1672 1333 1729 ]
1351 1683 1496 1709 manus

155 1737 417 1782 intentantes,
437 1748 599 1772 causam
619 1734 833 1772 discordiae
851 1737 892 1771 et
909 1733 1071 1770 initium
1090 1745 1305 1780 armorum,
1320 1732 1494 1770 maxime

154 1797 301 1835 infensi
321 1797 391 1835 Cn.
414 1796 598 1843 Lentulo,
619 1796 752 1846 quod‘
742 1809 775 1833 1s
794 1799 888 1833 ante
907 1795 1003 1833 alios
1022 1798 1156 1832 aetate
1176 1798 1217 1832 et
1244 1793 1377 1849 gloria
1389 1793 1493 1863 tbelli

112 1869 132 1905 5
154 1858 314 1896 firmare
343 1858 520 1895 Drusum
549 1857 782 1895 credebatur
809 1861 850 1894 et
877 1857 947 1893 illa
975 1856 1141 1894 militiae
1169 1855 1341 1907 flagitia
1339 1850 1492 1905 primus

152 1920 369 1970 aspernari.
426 1919 511 1956 Nec
539 1919 666 1956 multo
695 1922 783 1969 post
813 1917 1097 1968 digredientem
1127 1930 1217 1954 cum
1248 1917 1415 1954 Caesare
1442 1928 1490 1953 ac

151 1982 311 2032 provisu
341 1982 505 2031 periculi
538 1981 706 2018 hiberna
735 1984 867 2018 castra
898 1983 1143 2030 repetentem
1175 1978 1486 2027 circumsistunt,

149 2044 369 2094 rogitantes
397 2055 475 2092 quo
503 2046 698 2093 pergeret,
726 2042 776 2079 ad
803 2042 1084 2092 imperatorem
1111 2054 1166 2078 an
1193 2040 1245 2077 ad
1270 2042 1426 2090 patres,⁴
1439 2043 1487 2077 ut

148 2106 227 2142 illic.
259 2117 416 2155 quoque
452 2104 662 2141 commodis
691 2103 890 2153 legionum
928 2103 1235 2145 adversaretur3
1273 2100 1391 2138 simul
1426 2100 1486 2138 in-

87 2179 128 2204 10
146 2170 311 2217 gruunt,
349 2179 446 2203 saxa
483 2165 645 2203 iaciunt.
712 2165 879 2214 Iamque
916 2163 1059 2213 lapidis
1094 2163 1178 2200 ictu
1214 2165 1404 2214 cruentus
1432 2163 1483 2199 ‘et

145 2228 257 2266 exitii
294 2231 426 2265 certus
462 2227 629 2264 adcursu
665 2225 947 2272 multitudinis,
986 2237 1087 2274 quae
1122 2237 1212 2261 cum
1251 2223 1383 2260 Druso
1415 2222 1481 2260 ad·

144 2292 323 2337 venerat,
352 2291 554 2338 protectus
573 2291 644 2324 est.
