1664 2540
179 175 228 214 10
659 188 836 226 memus,
865 188 1033 217 Annus.

173 281 279 319 idem
309 285 470 331 possent
504 285 785 331 cuperentque,
816 281 885 320 M’.
915 282 1110 332 Lepidum
1144 282 1300 320 dixerat
1331 292 1513 332 capacem

173 344 239 381 sed
278 347 573 393 aspernantem,
608 343 768 381 Gallum
806 344 994 381 Asinium
1031 344 1192 382 avidum
1228 347 1270 382 et
1296 345 1512 393 ·minorem,

174 406 219 443 L.
240 406 486 443 Arruntium
506 418 586 442 non
605 405 814 456 indignum
842 410 895 454 et,
915 406 949 443 si
976 419 1090 469 Cg-SAES
1108 407 1286 454 daretur,
1306 420 1510 448 ausurum.

112 483 154 507 10
173 468 235 504 De
254 467 449 516 prioribus
467 468 727 514 consentitur,
744 481 815 518 pro
834 468 1034 505 Arruntio
1052 469 1214 518 quidam
1234 469 1306 506 Cn.
1328 469 1512 523 Pisonem

171 530 371 567 tradidere
383 543 394 578 3
414 542 626 580 omnesque
640 533 799 580 praeter
814 530 1008 582 Lepidum
1028 531 1150 568 variis
1168 543 1260 567 mox
1278 532 1512 570 criminibus
1549 544 1552 547 ·

170 595 354 629 struente
393 592 549 629 Tiberio
590 592 850 631 circumventi
887 596 994 630 sunt.
1053 593 1190 630 Etiam
1228 593 1274 638 Q.
1314 584 1522 646 Haterius

170 657 211 691 et
249 653 478 691 Mamercus
514 654 639 705 Scam
640 667 686 691 us
723 654 963 704 suspicacem
1009 653 1189 704 animum
1226 655 1508 704 perstrinxere,

171 716 367 753 Haterius
406 728 502 753 cum
544 715 706 752 dixisset
735 718 757 736 “
770 722 974 765 quousque
1015 716 1193 765 patieris,
1231 716 1389 764 Caesar,
1426 730 1508 755 non

109 796 148 831 15
169 777 303 815 adesse
340 782 460 827 caput
495 777 553 815 rei
589 777 793 834 publicae.
783 776 827 807 ‘P'
862 776 1034 814 Scaurus
1060 777 1160 827 ‘quia
1197 778 1366 834 Qxerat,
1398 791 1507 829 spem

168 852 249 876 esse
278 852 327 877 ex
355 851 400 876 eo
428 852 508 876 non
535 838 680 876 inritas
708 838 794 876 fore
822 842 985 876 senatus
1012 851 1156 889 preces,
1188 840 1292 889 quod
1323 840 1508 879 relationi

166 901 373 939 consulum
393 900 479 938 iure
497 901 735 949 tribuniciae
759 902 970 952 potestatis
995 914 1075 939 non
1100 898 1397 947 intercessisset.
1453 903 1506 941 In

167 964 386 1001 Haterium
414 964 555 1001 statim
582 963 764 1013 invectus·
791 967 851 1001 est
863 977 874 1011 ;
904 964 1110 1011 Scaurum,
1136 965 1208 1003 cui·
1229 964 1506 1015 inplacabilius

165 1025 424 1072 irascebatur,
446 1024 602 1062 silentio
630 1025 818 1062 tramisit.
878 1026 1097 1075 Fesspsque
1112 1026 1296 1074 clamore
1313 1027 1504 1075 omnium,

102 1104 147 1130 20
166 1087 481 1136 expostulatione
500 1086 746 1136 singulorum
773 1087 885 1124 flexit
911 1087 1120 1137 paulatim,
1141 1100 1231 1132 non„
1241 1091 1291 1126 ut
1306 1088 1506 1127 fateretur

164 1149 309 1199 suscipi
341 1162 365 1186 a
399 1161 439 1186 se
471 1149 694 1198 imperium,
723 1149 790 1187 sed
818 1153 865 1187 ut
893 1162 1039 1208 negale
1067 1153 1107 1188 et
1134 1150 1267 1200 rogari
1295 1150 1502 1189 desineret.

165 1211 333 1248 Constat
371 1211 515 1248 Hate1
506 1224 600 1258 mm
638 1224 727 1248 cum
765 1211 1001 1261 deprecandi
1037 1224 1175 1260 causa
1202 1212 1405 1250 Palatium
1440 1213 1503 1251 in-

162 1273 322 1310 troisset
352 1272 676 1322 ambulantisque
709 1273 857 1310 Tiberii
890 1285 1022 1322 genua
1059 1273 1350 1322 advolveretur,
1380 1286 1503 1324 prope

161 1347 186 1371 a
219 1334 414 1371 militibus
450 1333 721 1380 interfectum,
755 1334 849 1384 quia
882 1334 1063 1371 Tiberius
1095 1347 1189 1371 casu
1226 1347 1279 1372 an
1316 1335 1502 1373 manibus

99 1408 141 1444 25
161 1396 245 1433 61113
272 1396 474 1446 inpeditus
493 1395 672 1445 procide1
673 1399 727 1433 at.
785 1397 927 1446 Neque
945 1399 1083 1434 tamen
1102 1397 1276 1446 periculo
1302 1397 1397 1435 tah's
1423 1396 1500 1435 viri

159 1458 370 1508 mitigatus
407 1462 478 1504 est,
509 1457 630 1495 donec
663 1457 861 1495 Haterius
896 1458 1129 1508 Augustam
1166 1449 1301 1504 oraret
1337 1458 1500 1509 eiusque

159 1520 420 1561 curatissimis
447 1519 630 1569 precibus
658 1523 946 1570 protegeretur.

207 1618 349 1670 -XIVJ
364 1626 499 1670 Multa
536 1636 700 1682 patrum
732 1635 773 1669 et
815 1632 859 1669 in
894 1632 1125 1682 Augustam
1162 1631 1355 1671 adulatio.
1410 1631 1498 1669 Alii

156 1698 377 1744 parentem,
411 1694 480 1731 alii
518 1698 688 1732 matrem
725 1694 883 1744 patriae
919 1693 1209 1744 appellandam,
1240 1693 1421 1744 plerique
1449 1696 1498 1731 ut

155 1757 307 1794 nomini
324 1755 504 1794 Caesaris
519 1755 811 1793 adscriberetur
826 1758 849 1776 “
862 1755 991 1792 Iuliae
1002 1755 1108 1792 filius
1120 1754 1139 1770 ’²
1153 1754 1378 1793 censebant.
1419 1753 1497 1792 Ille

154 1818 414 1856 moderandos
433 1817 675 1854 feminarum
705 1817 872 1854 honores
890 1816 1080 1854 dictitans
1106 1816 1321 1866 eademque
1338 1827 1381 1853 se
1398 1819 1495 1854 tem-

114 1888 134 1925 5
154 1880 354 1950 perantiat
364 1892 542 1919 ,usurum
579 1878 622 1916 in
659 1879 707 1916 iis
739 1891 843 1928 quae
880 1878 954 1916 sibi
990 1878 1280 1932 tribuerentur,
1317 1880 1494 1925 ceterum

153 1943 298 2006 61131113
324 1933 475 1979 invidia
495 1945 535 1978 et
563 1933 1005 1993 millieerstigiuni
1019 1940 1063 1978 in
1081 1939 1405 1978 deminutionem
1415 1938 1511 1981 *sui
1551 1979 1554 1984 ,

152 1995 359 2054 accipiens,
379 2016 429 2041 ne
448 2003 628 2041 lictorem
648 2003 806 2053 quidem
825 2003 861 2040 ei
882 2003 1039 2040 decerni
1064 2015 1204 2053 passus
1221 2004 1284 2040 est
1301 2013 1494 2052 aramque
1530 2017 1536 2020 ’

150 2065 375 2115 adoptionis
402 2068 444 2102 et
471 2065 551 2101 alia
574 2064 736 2102 huiusce
764 2064 869 2101 modi
895 2064 1112 2114 prohibuit.
1168 2063 1230 2101 At
1254 2063 1492 2101 Germanico

151 2126 313 2164 Caesari
339 2125 619 2175 proconsulare
646 2124 855 2174 imperium
882 2124 1038 2174 petivit,
1064 2124 1251 2173 missique
1278 2123 1403 2174 legati
1421 2122 1491 2174 qui

90 2201 132 2227 10
148 2187 363 2234 deferrent,
400 2186 519 2223 simul
560 2185 806 2223 maestitiam
851 2185 936 2223 eius
979 2186 1029 2223 ob
1067 2197 1269 2223 excessum
1310 2183 1492 2235 Augusti

147 2250 386 2288 solarentur.
443 2249 531 2293 Quo
563 2249 695 2284 minus
720 2244 823 2285 idem
856 2254 928 2297 pro
961 2248 1094 2285 Druso
1124 2246 1408 2298 postularetur,
1438 2255 1499 2284 ea
1548 2253 1549 2256 ’

146 2323 265 2349 causa
303 2310 407 2360 quod
446 2309 677 2359 designatus
714 2310 850 2349 consul
889 2310 1044 2346 Drusus
1080 2320 1346 2359 praesensque
1381 2310 1483 2346 erat.

146 2371 389 2410 Candidatos
425 2374 638 2421 praeturae
674 2370 877 2408 duodecim
908 2370 1143 2413 nominavit,
1181 2381 1394 2419 numerum
1431 2369 1485 2406 ab
