1664 2540
163 150 213 188 22
648 164 825 202 memus,
853 165 1020 193 ANNALS.

160 258 369 296 adversum
406 259 652 298 abscedentis
687 260 859 311 legiones
894 266 1163 310 armarentur,
1200 263 1314 302 civile
1348 264 1496 302 bellum

158 322 315 371 suscipi.
372 322 599 360 Periculosa
627 324 829 372 severitas,
858 325 1055 375 flagitiosa
1083 326 1266 376 largitio:
1299 339 1369 365 seu
1395 326 1496 364 nihil

158 384 278 421 militi
317 384 399 421 sive
439 384 572 422 omnia
611 386 888 434 concedentur,
928 387 972 424 in
1014 388 1179 438 ancipiti
1220 400 1284 426 res
1325 384 1493 438 publica.

98 457 141 483 10
158 446 294 496 Igitur
323 446 517 484 volutatis
549 446 656 484 inter
687 460 728 484 se
755 447 979 486 rationibus
1006 449 1200 499 placitum
1227 453 1274 488 ut
1301 450 1497 500 epistulae
1543 478 1548 481 -

157 509 317 546 nomine
362 508 551 559 principis
601 509 897 548 scriberentur:
954 511 1179 550 missionem
1224 511 1313 550 dari
1357 512 1496 550 vicena
1542 513 1547 516 ’

156 571 356 621 stipendia
390 571 554 619 meritis,
588 572 840 610 exauctorari
873 573 943 623 qui
975 586 1070 612 sena
1103 574 1206 612 dena
1237 573 1422 612 fecissent
1447 587 1496 612 ac

154 634 322 671 retineri
360 633 433 671 sub
470 634 614 671 vexillo
650 637 871 672 ceterorum
903 635 1087 673 inmunes
1123 636 1201 673 nisi
1236 635 1496 705 propulsandi

154 695 291 743 hostiS,
320 695 454 745 legata
482 707 584 746 quae
612 695 842 745 petiverant
871 697 1019 734 exsolvi
1045 697 1332 748 duplicarique.
1368 712 1392 736 ,·
1450 708 1454 712 ’

207 842 442 881 XXXVII.
482 842 614 880 Sensit
651 843 763 881 miles
798 843 841 880 in
878 847 1036 895 tempus
1072 845 1240 883 conficta
1276 835 1496 898 statimque

153 905 363 955 flagitavit.
421 905 560 942 Missio
587 918 658 955 per
685 906 869 944 tribunos
894 909 1137 955 maturatur,
1156 907 1318 957 largitio
1346 901 1496 946 differ-e-

153 968 274 1005 batur
284 967 327 1004 in
340 967 507 1004 hiberna
518 967 718 1017 cuiusque.
732 967 825 1005 Non
837 968 1056 1006 abscessere
1067 969 1257 1019 quintani
1267 970 1495 1007 unetvicen-

151 1029 383 1079 simanique,
414 1029 536 1067 donec
582 1029 704 1067 isdem
751 1030 794 1066 in
830 1030 992 1068 aestivis
1028 1034 1235 1069 contracta
1270 1031 1321 1068 ex'
1349 1031 1495 1070 viatico

112 1104 131 1139 5
152 1091 372 1128 amicorum
384 1091 585 1142 ipsiusque
599 1091 780 1129 Caesaris
791 1092 959 1142 pecunia
971 1093 1273 1142 persolveretur.
1315 1093 1496 1132 Primam
1517 1101 1522 1104 ’

152 1166 198 1190 ac
213 1153 470 1190 vicensimam
485 1153 658 1203 legiones
673 1153 842 1191 Caecina
855 1154 1012 1204 legatus
1026 1154 1068 1191 in
1081 1154 1284 1192 civitatem
1296 1154 1495 1193 Ubiorum

151 1215 323 1262 reduxit,
348 1216 459 1265 turpi
486 1216 657 1266 agmine,
683 1230 774 1254 cum
802 1217 884 1254 fisci
912 1217 959 1255 de
986 1217 1227 1268 imperatore
1253 1218 1363 1272 rapti
1387 1218 1506 1265 inter·

151 1278 265 1328 signa
283 1278 468 1328 interque
487 1278 642 1328 aquilas
661 1278 916 1317 veherentur.
973 1279 1235 1317 Germanicus
1252 1280 1494 1330 superiorem

153 1339 205 1376 ad
237 1339 456 1376 exercitum
486 1339 689 1389 profectus
719 1341 932 1378 secundam
960 1343 1002 1378 et
1028 1340 1194 1378 tertiam
1222 1341 1429 1379 decumam
1453 1344 1493 1380 et

93 1418 135 1444 10
154 1403 307 1437 sextam
328 1401 536 1438 decumam
556 1401 728 1450 legiones
742 1402 844 1439 nihil
862 1405 1072 1440 cunctatas
1086 1406 1335 1440 sacramento
1353 1401 1492 1453 adigit.

154 1455 523 1508 Quartadecumam'
553 1464 719 1512 paulum
751 1463 1060 1502 dubitaverant:
1090 1464 1258 1514 pecunia
1289 1468 1332 1502 et
1362 1464 1494 1502 missio

154 1524 338 1574 quamvis
366 1537 446 1561 non
474 1525 752 1574 flagitantibus
779 1525 915 1563 oblata
943 1529 1013 1563 est.

206 1678 465 1715 XXXVIII.
497 1665 556 1715 At
587 1678 630 1715 in
664 1677 834 1715 Chaucis
865 1681 1094 1728 coeptavere
1124 1677 1355 1715 seditionem
1382 1688 1496 1728 prae-

152 1740 297 1778 sidium
317 1739 520 1790 agitantes
539 1739 739 1777 vexillarii
759 1739 996 1777 discordium
1015 1740 1217 1790 legionum
1235 1742 1276 1778 et
1294 1738 1495 1789 praesenti
1519 1752 1526 1764 v·
1547 1762 1550 1766 ·

153 1802 321 1839 duorum
349 1801 525 1838 militum
552 1801 743 1851 supplicio
770 1801 935 1852 paulum
960 1801 1128 1852 repressi
1152 1805 1258 1839 sunt.
1315 1801 1495 1838 Iusserat
1544 1818 1550 1826 τ

153 1864 194 1901 1(1
227 1863 296 1901 Μ’.
326 1863 483 1900 Ennius
511 1861 732 1900 castrorum
759 1863 997 1913 praefectus,
1026 1864 1127 1901 bono
1158 1862 1285 1913 magis
1316 1861 1495 1912 exemplo
1540 1863 1587 1917 s?

114 1931 133 1968 5
155 1938 278 1976 quam
302 1937 484 1962 concesso
511 1925 609 1962 iure.
668 1925 822 1962 Deinde
846 1925 1137 1963 intumescente
1162 1927 1275 1962 motu
1300 1923 1503 1974 profugus⁴

154 1989 428 2036 repertusque,
475 1990 686 2036 postquam
730 1987 890 2024 intutae
931 1987 1123 2032 latebrae,
1162 1985 1404 2036 praesidium
1441 1983 1494 2022 ab

154 2048 322 2086 audacia
342 2051 577 2085 mutuatur:
608 2061 689 2084 non
708 2047 956 2096 praefectum
976 2048 1028 2085 ab
1046 2048 1106 2094 iis,
1126 2047 1194 2085 sed
1213 2044 1494 2084 Germanicum
1549 2058 1564 2098 J·

156 2110 306 2156 ducem,
327 2109 393 2146 sed
413 2110 614 2146 Tiberium
640 2110 920 2159 imperatorem
939 2110 1090 2147 violari.
1147 2108 1275 2147 Simul
1293 2107 1496 2145 exterritis
1536 2108 1571 2141 ‘27³

156 2172 225 2222 qui
262 2171 517 2218 obstiterant,
550 2175 713 2220 raptum
746 2170 936 2208 vexillum
970 2171 1021 2207 ad
1053 2170 1183 2220 ripam
1215 2168 1350 2216 vertit,
1383 2171 1424 2206 et
1460 2167 1495 2204 si

96 2244 139 2270 10
158 2234 247 2284 quis
284 2233 444 2282 agmine
476 2232 713 2279 decessisset,
744 2245 815 2282 pro
847 2232 1046 2269 desertore
1077 2231 1164 2268 fore
1192 2229 1414 2277 clamitans,
1434 2240 1494 2266 re-

159 2295 275 2332 duxit
303 2294 345 2331 in
374 2294 541 2331 hiberna
569 2293 750 2331 turbidos
777 2297 818 2330 et
847 2293 947 2330 nihil
975 2305 1099 2330 ausos,
