<?xml version="1.0" encoding="UTF-8"?>
<!DOCTYPE html PUBLIC "-//W3C//DTD XHTML 1.0 Transitional//EN"
    "http://www.w3.org/TR/xhtml1/DTD/xhtml1-transitional.dtd">
<html xmlns="http://www.w3.org/1999/xhtml" xml:lang="en" lang="en">
 <head>
  <title>
</title>
<meta http-equiv="Content-Type" content="text/html;charset=utf-8" />
  <meta name='ocr-system' content='tesseract 3.04.00' />
  <meta name='ocr-capabilities' content='ocr_page ocr_carea ocr_par ocr_line ocrx_word'/>
</head>
<body>
  <div class='ocr_page' id='page_1' title='image "annalsicorn00taciuoft_0070.png"; bbox 0 0 1664 2540; ppageno 0'>
   <div class='ocr_carea' id='block_1_1' title="bbox 168 151 1027 200">
    <p class='ocr_par' dir='ltr' id='par_1_1' title="bbox 168 151 1027 200">
     <span class='ocr_line' id='line_1_1' title="bbox 168 151 1027 200; baseline 0.002 -12"><span class='ocrx_word' id='word_1_1' title='bbox 168 151 219 189; x_wconf 88' lang='lat'>46</span> <span class='ocrx_word' id='word_1_2' title='bbox 652 162 830 200; x_wconf 67' lang='lat' dir='ltr'>mon-ns,</span> <span class='ocrx_word' id='word_1_3' title='bbox 859 163 1027 191; x_wconf 81' lang='lat' dir='ltr'>ANNALS.</span> 
     </span>
    </p>
   </div>
   <div class='ocr_carea' id='block_1_2' title="bbox 104 255 1509 741">
    <p class='ocr_par' dir='ltr' id='par_1_2' title="bbox 127 255 1509 308">
     <span class='ocr_line' id='line_1_2' title="bbox 127 255 1509 308; baseline 0.002 -14"><span class='ocrx_word' id='word_1_4' title='bbox 127 271 147 307; x_wconf 85' lang='lat'><strong><em>5</em></strong></span> <span class='ocrx_word' id='word_1_5' title='bbox 167 256 391 294; x_wconf 90' lang='lat' dir='ltr'>traduntur</span> <span class='ocrx_word' id='word_1_6' title='bbox 407 270 414 294; x_wconf 93' lang='lat'>:</span> <span class='ocrx_word' id='word_1_7' title='bbox 445 255 514 294; x_wconf 86' lang='lat' dir='ltr'>alii</span> <span class='ocrx_word' id='word_1_8' title='bbox 533 257 666 294; x_wconf 90' lang='lat' dir='ltr'>taedio</span> <span class='ocrx_word' id='word_1_9' title='bbox 680 269 807 295; x_wconf 88' lang='lat' dir='ltr'>novae</span> <span class='ocrx_word' id='word_1_10' title='bbox 822 269 939 294; x_wconf 85' lang='lat' dir='ltr'>curae</span> <span class='ocrx_word' id='word_1_11' title='bbox 950 257 1069 295; x_wconf 91' lang='lat' dir='ltr'>semel</span> <span class='ocrx_word' id='word_1_12' title='bbox 1088 257 1234 308; x_wconf 73' lang='lat' dir='ltr'>placita</span> <span class='ocrx_word' id='word_1_13' title='bbox 1247 269 1320 308; x_wconf 86' lang='lat' dir='ltr'>pro</span> <span class='ocrx_word' id='word_1_14' title='bbox 1333 259 1509 297; x_wconf 86' lang='lat' dir='ltr'>aeternis</span> 
     </span>
    </p>

    <p class='ocr_par' dir='ltr' id='par_1_3' title="bbox 111 317 1508 558">
     <span class='ocr_line' id='line_1_3' title="bbox 111 317 1508 371; baseline 0.002 -16"><span class='ocrx_word' id='word_1_15' title='bbox 111 360 114 361; x_wconf 19' lang='lat'><em>⁷</em></span> <span class='ocrx_word' id='word_1_16' title='bbox 166 318 395 365; x_wconf 85' lang='lat' dir='ltr'>servavisse,</span> <span class='ocrx_word' id='word_1_17' title='bbox 416 318 578 368; x_wconf 89' lang='lat' dir='ltr'>quidam</span> <span class='ocrx_word' id='word_1_18' title='bbox 607 318 768 366; x_wconf 87' lang='lat' dir='ltr'>invidia,</span> <span class='ocrx_word' id='word_1_19' title='bbox 789 331 840 356; x_wconf 91' lang='lat' dir='ltr'>ne</span> <span class='ocrx_word' id='word_1_20' title='bbox 867 318 1002 368; x_wconf 87' lang='lat' dir='ltr'>plures</span> <span class='ocrx_word' id='word_1_21' title='bbox 1029 317 1288 368; x_wconf 86' lang='lat' dir='ltr'>fruerentur;</span> <span class='ocrx_word' id='word_1_22' title='bbox 1315 324 1412 358; x_wconf 87' lang='lat' dir='ltr'>sunt</span> <span class='ocrx_word' id='word_1_23' title='bbox 1439 322 1508 371; x_wconf 89' lang='lat' dir='ltr'>qui</span> 
     </span>
     <span class='ocr_line' id='line_1_4' title="bbox 167 380 1506 430; baseline 0.003 -13"><span class='ocrx_word' id='word_1_24' title='bbox 167 380 410 428; x_wconf 73' lang='lat' dir='ltr'>existiment,</span> <span class='ocrx_word' id='word_1_25' title='bbox 430 384 478 418; x_wconf 91' lang='lat' dir='ltr'>ut</span> <span class='ocrx_word' id='word_1_26' title='bbox 497 380 683 417; x_wconf 84' lang='lat' dir='ltr'>callidum</span> <span class='ocrx_word' id='word_1_27' title='bbox 702 381 786 418; x_wconf 90' lang='lat' dir='ltr'>eius</span> <span class='ocrx_word' id='word_1_28' title='bbox 804 380 1024 430; x_wconf 89' lang='lat' dir='ltr'>ingenium,</span> <span class='ocrx_word' id='word_1_29' title='bbox 1043 381 1103 418; x_wconf 88' lang='lat' dir='ltr'>ita</span> <span class='ocrx_word' id='word_1_30' title='bbox 1121 381 1287 419; x_wconf 84' lang='lat' dir='ltr'>anxium</span> <span class='ocrx_word' id='word_1_31' title='bbox 1304 382 1506 421; x_wconf 86' lang='lat' dir='ltr'>iudicium.</span> 
     </span>
     <span class='ocr_line' id='line_1_5' title="bbox 165 441 1507 492; baseline 0.003 -13"><span class='ocrx_word' id='word_1_32' title='bbox 165 441 309 492; x_wconf 85' lang='lat' dir='ltr'>Neque</span> <span class='ocrx_word' id='word_1_33' title='bbox 337 443 443 480; x_wconf 89' lang='lat' dir='ltr'>enim</span> <span class='ocrx_word' id='word_1_34' title='bbox 471 442 688 480; x_wconf 89' lang='lat' dir='ltr'>eminentis</span> <span class='ocrx_word' id='word_1_35' title='bbox 706 443 879 479; x_wconf 90' lang='lat' dir='ltr'>virtutes</span> <span class='ocrx_word' id='word_1_36' title='bbox 907 443 1147 491; x_wconf 68' lang='lat' dir='ltr'>sectabatur,</span> <span class='ocrx_word' id='word_1_37' title='bbox 1166 446 1208 480; x_wconf 90' lang='lat' dir='ltr'>et</span> <span class='ocrx_word' id='word_1_38' title='bbox 1226 456 1387 481; x_wconf 80' lang='lat' dir='ltr'>rursum</span> <span class='ocrx_word' id='word_1_39' title='bbox 1406 444 1507 483; x_wconf 79' lang='lat' dir='ltr'>vitia</span> 
     </span>
     <span class='ocr_line' id='line_1_6' title="bbox 165 504 1507 558; baseline 0.001 -16"><span class='ocrx_word' id='word_1_40' title='bbox 165 505 328 542; x_wconf 84' lang='lat' dir='ltr'>oderat:</span> <span class='ocrx_word' id='word_1_41' title='bbox 357 518 406 542; x_wconf 86' lang='lat' dir='ltr'>ex</span> <span class='ocrx_word' id='word_1_42' title='bbox 433 504 594 555; x_wconf 87' lang='lat' dir='ltr'>optimis</span> <span class='ocrx_word' id='word_1_43' title='bbox 621 505 843 555; x_wconf 89' lang='lat' dir='ltr'>periculum</span> <span class='ocrx_word' id='word_1_44' title='bbox 871 505 958 551; x_wconf 65' lang='lat' dir='ltr'>sibi,</span> <span class='ocrx_word' id='word_1_45' title='bbox 978 518 1003 542; x_wconf 88' lang='lat' dir='ltr'>a</span> <span class='ocrx_word' id='word_1_46' title='bbox 1030 505 1209 555; x_wconf 87' lang='lat' dir='ltr'>pessimis</span> <span class='ocrx_word' id='word_1_47' title='bbox 1227 505 1392 543; x_wconf 84' lang='lat' dir='ltr'>dedecus</span> <span class='ocrx_word' id='word_1_48' title='bbox 1409 506 1507 558; x_wconf 92' lang='lat' dir='ltr'>pub-</span> 
     </span>
    </p>

    <p class='ocr_par' dir='ltr' id='par_1_4' title="bbox 104 566 1507 741">
     <span class='ocr_line' id='line_1_7' title="bbox 104 566 1507 618; baseline 0.002 -15"><span class='ocrx_word' id='word_1_49' title='bbox 104 586 146 611; x_wconf 87' lang='lat'>10</span> <span class='ocrx_word' id='word_1_50' title='bbox 164 566 286 603; x_wconf 89' lang='lat' dir='ltr'>licum</span> <span class='ocrx_word' id='word_1_51' title='bbox 313 567 533 604; x_wconf 86' lang='lat' dir='ltr'>metuebat.</span> <span class='ocrx_word' id='word_1_52' title='bbox 590 567 679 612; x_wconf 80' lang='lat' dir='ltr'>Qua</span> <span class='ocrx_word' id='word_1_53' title='bbox 705 567 967 604; x_wconf 73' lang='lat' dir='ltr'>haesitatione</span> <span class='ocrx_word' id='word_1_54' title='bbox 994 570 1193 616; x_wconf 87' lang='lat' dir='ltr'>postremo</span> <span class='ocrx_word' id='word_1_55' title='bbox 1219 580 1266 605; x_wconf 92' lang='lat' dir='ltr'>eo</span> <span class='ocrx_word' id='word_1_56' title='bbox 1297 571 1507 618; x_wconf 84' lang='lat' dir='ltr'>provectus</span> 
     </span>
     <span class='ocr_line' id='line_1_8' title="bbox 163 628 1506 680; baseline 0.002 -15"><span class='ocrx_word' id='word_1_57' title='bbox 163 631 236 676; x_wconf 90' lang='lat' dir='ltr'>est,</span> <span class='ocrx_word' id='word_1_58' title='bbox 256 632 304 666; x_wconf 90' lang='lat' dir='ltr'>ut</span> <span class='ocrx_word' id='word_1_59' title='bbox 323 629 578 667; x_wconf 86' lang='lat' dir='ltr'>mandaverit</span> <span class='ocrx_word' id='word_1_60' title='bbox 602 628 840 679; x_wconf 87' lang='lat' dir='ltr'>quibusdam</span> <span class='ocrx_word' id='word_1_61' title='bbox 869 628 1103 679; x_wconf 86' lang='lat' dir='ltr'>provincias,</span> <span class='ocrx_word' id='word_1_62' title='bbox 1122 641 1220 679; x_wconf 87' lang='lat' dir='ltr'>quos</span> <span class='ocrx_word' id='word_1_63' title='bbox 1247 629 1380 680; x_wconf 86' lang='lat' dir='ltr'>egredi</span> <span class='ocrx_word' id='word_1_64' title='bbox 1407 630 1506 668; x_wconf 89' lang='lat' dir='ltr'>urbe</span> 
     </span>
     <span class='ocr_line' id='line_1_9' title="bbox 162 694 568 741; baseline 0.002 -14"><span class='ocrx_word' id='word_1_65' title='bbox 162 703 243 728; x_wconf 89' lang='lat' dir='ltr'>non</span> <span class='ocrx_word' id='word_1_66' title='bbox 262 694 350 729; x_wconf 89' lang='lat' dir='ltr'>erat</span> <span class='ocrx_word' id='word_1_67' title='bbox 368 704 568 741; x_wconf 86' lang='lat' dir='ltr'>passurus.</span> 
     </span>
    </p>
   </div>
   <div class='ocr_carea' id='block_1_3' title="bbox 97 809 1503 1543">
    <p class='ocr_par' dir='ltr' id='par_1_5' title="bbox 161 809 1503 1045">
     <span class='ocr_line' id='line_1_10' title="bbox 217 809 1503 860; baseline 0.002 -13"><span class='ocrx_word' id='word_1_68' title='bbox 217 810 420 848; x_wconf 88' lang='lat' dir='ltr'>LXXXI.</span> <span class='ocrx_word' id='word_1_69' title='bbox 451 811 512 847; x_wconf 92' lang='lat' dir='ltr'>De</span> <span class='ocrx_word' id='word_1_70' title='bbox 531 809 700 848; x_wconf 86' lang='lat' dir='ltr'>comitiis</span> <span class='ocrx_word' id='word_1_71' title='bbox 718 809 992 847; x_wconf 89' lang='lat' dir='ltr'>consularibus</span> <span class='ocrx_word' id='word_1_72' title='bbox 1010 822 1112 860; x_wconf 88' lang='lat' dir='ltr'>quae</span> <span class='ocrx_word' id='word_1_73' title='bbox 1131 813 1218 847; x_wconf 87' lang='lat' dir='ltr'>tum</span> <span class='ocrx_word' id='word_1_74' title='bbox 1239 810 1414 860; x_wconf 89' lang='lat' dir='ltr'>primum</span> <span class='ocrx_word' id='word_1_75' title='bbox 1435 810 1503 849; x_wconf 90' lang='lat' dir='ltr'>illo</span> 
     </span>
     <span class='ocr_line' id='line_1_11' title="bbox 161 867 1499 923; baseline 0.002 -14"><span class='ocrx_word' id='word_1_76' title='bbox 161 873 338 923; x_wconf 87' lang='lat' dir='ltr'>principe</span> <span class='ocrx_word' id='word_1_77' title='bbox 370 884 416 909; x_wconf 88' lang='lat' dir='ltr'>ac</span> <span class='ocrx_word' id='word_1_78' title='bbox 448 872 630 922; x_wconf 88' lang='lat' dir='ltr'>deinceps</span> <span class='ocrx_word' id='word_1_79' title='bbox 659 871 783 919; x_wconf 84' lang='lat' dir='ltr'>fuere,</span> <span class='ocrx_word' id='word_1_80' title='bbox 814 871 882 909; x_wconf 86' lang='lat' dir='ltr'>vix</span> <span class='ocrx_word' id='word_1_81' title='bbox 911 873 1121 922; x_wconf 87' lang='lat' dir='ltr'>quicquam</span> <span class='ocrx_word' id='word_1_82' title='bbox 1153 867 1314 910; x_wconf 82' lang='lat' dir='ltr'>firmare</span> <span class='ocrx_word' id='word_1_83' title='bbox 1344 873 1499 913; x_wconf 74' lang='lat' dir='ltr'>ausim:</span> 
     </span>
     <span class='ocr_line' id='line_1_12' title="bbox 161 933 1500 984; baseline 0.001 -13"><span class='ocrx_word' id='word_1_84' title='bbox 161 935 259 972; x_wconf 90' lang='lat' dir='ltr'>adeo</span> <span class='ocrx_word' id='word_1_85' title='bbox 277 934 432 972; x_wconf 85' lang='lat' dir='ltr'>diversa</span> <span class='ocrx_word' id='word_1_86' title='bbox 451 947 533 971; x_wconf 89' lang='lat' dir='ltr'>non</span> <span class='ocrx_word' id='word_1_87' title='bbox 550 933 664 971; x_wconf 91' lang='lat' dir='ltr'>modo</span> <span class='ocrx_word' id='word_1_88' title='bbox 683 934 789 984; x_wconf 87' lang='lat' dir='ltr'>apud</span> <span class='ocrx_word' id='word_1_89' title='bbox 807 937 989 971; x_wconf 86' lang='lat' dir='ltr'>auctores</span> <span class='ocrx_word' id='word_1_90' title='bbox 1007 934 1075 971; x_wconf 92' lang='lat' dir='ltr'>sed</span> <span class='ocrx_word' id='word_1_91' title='bbox 1092 935 1135 971; x_wconf 89' lang='lat' dir='ltr'>in</span> <span class='ocrx_word' id='word_1_92' title='bbox 1162 934 1288 984; x_wconf 84' lang='lat' dir='ltr'>ipsius</span> <span class='ocrx_word' id='word_1_93' title='bbox 1313 934 1500 973; x_wconf 80' lang='lat' dir='ltr'>orationi-</span> 
     </span>
     <span class='ocr_line' id='line_1_13' title="bbox 161 994 1502 1045; baseline 0.001 -12"><span class='ocrx_word' id='word_1_94' title='bbox 161 997 234 1033; x_wconf 86' lang='lat' dir='ltr'>bus</span> <span class='ocrx_word' id='word_1_95' title='bbox 253 996 521 1045; x_wconf 87' lang='lat' dir='ltr'>reperiuntur.</span> <span class='ocrx_word' id='word_1_96' title='bbox 579 994 700 1032; x_wconf 90' lang='lat' dir='ltr'>Modo</span> <span class='ocrx_word' id='word_1_97' title='bbox 719 995 935 1032; x_wconf 83' lang='lat' dir='ltr'>subtractis</span> <span class='ocrx_word' id='word_1_98' title='bbox 954 995 1256 1033; x_wconf 83' lang='lat' dir='ltr'>candidatorum</span> <span class='ocrx_word' id='word_1_99' title='bbox 1274 995 1502 1034; x_wconf 85' lang='lat' dir='ltr'>nominibus</span> 
     </span>
    </p>

    <p class='ocr_par' dir='ltr' id='par_1_6' title="bbox 119 1057 1500 1357">
     <span class='ocr_line' id='line_1_14' title="bbox 119 1057 1500 1110; baseline 0.001 -15"><span class='ocrx_word' id='word_1_100' title='bbox 119 1075 139 1110; x_wconf 85' lang='lat'><strong>5</strong></span> <span class='ocrx_word' id='word_1_101' title='bbox 159 1058 352 1108; x_wconf 86' lang='lat' dir='ltr'>originem</span> <span class='ocrx_word' id='word_1_102' title='bbox 380 1058 571 1107; x_wconf 90' lang='lat' dir='ltr'>cuiusque</span> <span class='ocrx_word' id='word_1_103' title='bbox 599 1061 639 1095; x_wconf 89' lang='lat' dir='ltr'>et</span> <span class='ocrx_word' id='word_1_104' title='bbox 665 1058 792 1094; x_wconf 88' lang='lat' dir='ltr'>vitam</span> <span class='ocrx_word' id='word_1_105' title='bbox 820 1060 861 1094; x_wconf 89' lang='lat' dir='ltr'>et</span> <span class='ocrx_word' id='word_1_106' title='bbox 889 1057 1088 1107; x_wconf 87' lang='lat' dir='ltr'>stipendia</span> <span class='ocrx_word' id='word_1_107' title='bbox 1115 1057 1332 1108; x_wconf 85' lang='lat' dir='ltr'>descripsit,</span> <span class='ocrx_word' id='word_1_108' title='bbox 1356 1062 1404 1096; x_wconf 88' lang='lat' dir='ltr'>ut</span> <span class='ocrx_word' id='word_1_109' title='bbox 1430 1058 1500 1108; x_wconf 88' lang='lat' dir='ltr'>qui</span> 
     </span>
     <span class='ocr_line' id='line_1_15' title="bbox 159 1119 1499 1170; baseline 0 -12"><span class='ocrx_word' id='word_1_110' title='bbox 159 1121 292 1158; x_wconf 87' lang='lat' dir='ltr'>forent</span> <span class='ocrx_word' id='word_1_111' title='bbox 329 1120 629 1170; x_wconf 87' lang='lat' dir='ltr'>intellegeretur</span> <span class='ocrx_word' id='word_1_112' title='bbox 641 1133 651 1167; x_wconf 84' lang='lat'>3</span> <span class='ocrx_word' id='word_1_113' title='bbox 694 1119 909 1169; x_wconf 84' lang='lat' dir='ltr'>aliquando</span> <span class='ocrx_word' id='word_1_114' title='bbox 945 1132 992 1157; x_wconf 86' lang='lat' dir='ltr'>ea</span> <span class='ocrx_word' id='word_1_115' title='bbox 1023 1132 1180 1169; x_wconf 90' lang='lat' dir='ltr'>quoque</span> <span class='ocrx_word' id='word_1_116' title='bbox 1211 1119 1499 1170; x_wconf 79' lang='lat' dir='ltr'>significatione</span> 
     </span>
     <span class='ocr_line' id='line_1_16' title="bbox 158 1181 1496 1231; baseline 0 -11"><span class='ocrx_word' id='word_1_117' title='bbox 158 1183 368 1220; x_wconf 86' lang='lat' dir='ltr'>subtracta</span> <span class='ocrx_word' id='word_1_118' title='bbox 386 1181 620 1220; x_wconf 88' lang='lat' dir='ltr'>candidatos</span> <span class='ocrx_word' id='word_1_119' title='bbox 638 1181 822 1218; x_wconf 84' lang='lat' dir='ltr'>hortatus</span> <span class='ocrx_word' id='word_1_120' title='bbox 840 1193 892 1218; x_wconf 89' lang='lat' dir='ltr'>ne</span> <span class='ocrx_word' id='word_1_121' title='bbox 909 1181 1065 1218; x_wconf 90' lang='lat' dir='ltr'>ambitu</span> <span class='ocrx_word' id='word_1_122' title='bbox 1083 1181 1244 1219; x_wconf 78' lang='lat' dir='ltr'>comitia</span> <span class='ocrx_word' id='word_1_123' title='bbox 1270 1182 1496 1231; x_wconf 79' lang='lat' dir='ltr'>turbarent,</span> 
     </span>
     <span class='ocr_line' id='line_1_17' title="bbox 157 1244 1496 1294; baseline -0.001 -12"><span class='ocrx_word' id='word_1_124' title='bbox 157 1258 273 1282; x_wconf 88' lang='lat' dir='ltr'>suam</span> <span class='ocrx_word' id='word_1_125' title='bbox 300 1244 351 1281; x_wconf 86' lang='lat' dir='ltr'>ad</span> <span class='ocrx_word' id='word_1_126' title='bbox 378 1244 419 1281; x_wconf 91' lang='lat' dir='ltr'>id</span> <span class='ocrx_word' id='word_1_127' title='bbox 445 1257 585 1282; x_wconf 88' lang='lat' dir='ltr'>curam</span> <span class='ocrx_word' id='word_1_128' title='bbox 613 1244 813 1294; x_wconf 88' lang='lat' dir='ltr'>pollicitus</span> <span class='ocrx_word' id='word_1_129' title='bbox 844 1247 916 1283; x_wconf 88' lang='lat' dir='ltr'>est.</span> <span class='ocrx_word' id='word_1_130' title='bbox 973 1244 1216 1293; x_wconf 89' lang='lat' dir='ltr'>Plerumque</span> <span class='ocrx_word' id='word_1_131' title='bbox 1242 1256 1307 1281; x_wconf 87' lang='lat' dir='ltr'>eos</span> <span class='ocrx_word' id='word_1_132' title='bbox 1332 1247 1496 1291; x_wconf 78' lang='lat' dir='ltr'>tantum</span> 
     </span>
     <span class='ocr_line' id='line_1_18' title="bbox 158 1305 1497 1357; baseline -0.001 -13"><span class='ocrx_word' id='word_1_133' title='bbox 158 1307 266 1357; x_wconf 86' lang='lat' dir='ltr'>apud</span> <span class='ocrx_word' id='word_1_134' title='bbox 304 1319 345 1344; x_wconf 89' lang='lat' dir='ltr'>se</span> <span class='ocrx_word' id='word_1_135' title='bbox 390 1306 584 1357; x_wconf 89' lang='lat' dir='ltr'>professos</span> <span class='ocrx_word' id='word_1_136' title='bbox 630 1307 828 1354; x_wconf 87' lang='lat' dir='ltr'>disseruit,</span> <span class='ocrx_word' id='word_1_137' title='bbox 865 1319 1035 1356; x_wconf 88' lang='lat' dir='ltr'>quorum</span> <span class='ocrx_word' id='word_1_138' title='bbox 1076 1306 1237 1343; x_wconf 80' lang='lat' dir='ltr'>nomina</span> <span class='ocrx_word' id='word_1_139' title='bbox 1272 1305 1497 1344; x_wconf 83' lang='lat' dir='ltr'>consulibus</span> 
     </span>
    </p>

    <p class='ocr_par' dir='ltr' id='par_1_7' title="bbox 97 1367 1496 1543">
     <span class='ocr_line' id='line_1_19' title="bbox 97 1367 1496 1419; baseline -0.001 -12"><span class='ocrx_word' id='word_1_140' title='bbox 97 1390 139 1415; x_wconf 86' lang='lat'>10</span> <span class='ocrx_word' id='word_1_141' title='bbox 157 1369 364 1417; x_wconf 76' lang='lat' dir='ltr'>edidisset5</span> <span class='ocrx_word' id='word_1_142' title='bbox 401 1381 513 1419; x_wconf 84' lang='lat' dir='ltr'>posse</span> <span class='ocrx_word' id='word_1_143' title='bbox 550 1373 590 1406; x_wconf 90' lang='lat' dir='ltr'>et</span> <span class='ocrx_word' id='word_1_144' title='bbox 627 1368 726 1406; x_wconf 86' lang='lat' dir='ltr'>alios</span> <span class='ocrx_word' id='word_1_145' title='bbox 762 1369 951 1418; x_wconf 88' lang='lat' dir='ltr'>profiteri,</span> <span class='ocrx_word' id='word_1_146' title='bbox 989 1369 1022 1406; x_wconf 87' lang='lat' dir='ltr'>si</span> <span class='ocrx_word' id='word_1_147' title='bbox 1057 1368 1214 1418; x_wconf 86' lang='lat' dir='ltr'>gratiae</span> <span class='ocrx_word' id='word_1_148' title='bbox 1242 1371 1316 1405; x_wconf 83' lang='lat' dir='ltr'>aut</span> <span class='ocrx_word' id='word_1_149' title='bbox 1342 1367 1496 1406; x_wconf 74' lang='lat' dir='ltr'>meritis</span> 
     </span>
     <span class='ocr_line' id='line_1_20' title="bbox 156 1429 1494 1481; baseline -0.002 -12"><span class='ocrx_word' id='word_1_150' title='bbox 156 1431 423 1469; x_wconf 89' lang='lat' dir='ltr'>confiderent:</span> <span class='ocrx_word' id='word_1_151' title='bbox 461 1430 631 1481; x_wconf 84' lang='lat' dir='ltr'>speciosa</span> <span class='ocrx_word' id='word_1_152' title='bbox 660 1430 800 1478; x_wconf 85' lang='lat' dir='ltr'>verbis,</span> <span class='ocrx_word' id='word_1_153' title='bbox 829 1443 872 1467; x_wconf 89' lang='lat' dir='ltr'>re</span> <span class='ocrx_word' id='word_1_154' title='bbox 900 1430 1035 1467; x_wconf 84' lang='lat' dir='ltr'>inania</span> <span class='ocrx_word' id='word_1_155' title='bbox 1062 1434 1136 1468; x_wconf 86' lang='lat' dir='ltr'>aut</span> <span class='ocrx_word' id='word_1_156' title='bbox 1163 1429 1341 1476; x_wconf 83' lang='lat' dir='ltr'>subdola,</span> <span class='ocrx_word' id='word_1_157' title='bbox 1369 1442 1494 1479; x_wconf 85' lang='lat' dir='ltr'>quan-</span> 
     </span>
     <span class='ocr_line' id='line_1_21' title="bbox 155 1491 1494 1543; baseline 0.001 -13"><span class='ocrx_word' id='word_1_158' title='bbox 155 1496 275 1542; x_wconf 89' lang='lat' dir='ltr'>toque</span> <span class='ocrx_word' id='word_1_159' title='bbox 293 1492 442 1530; x_wconf 91' lang='lat' dir='ltr'>maiore</span> <span class='ocrx_word' id='word_1_160' title='bbox 460 1492 660 1529; x_wconf 85' lang='lat' dir='ltr'>libertatis</span> <span class='ocrx_word' id='word_1_161' title='bbox 678 1492 853 1542; x_wconf 84' lang='lat' dir='ltr'>imagine</span> <span class='ocrx_word' id='word_1_162' title='bbox 880 1491 1135 1542; x_wconf 86' lang='lat' dir='ltr'>tegebantur,</span> <span class='ocrx_word' id='word_1_163' title='bbox 1155 1494 1274 1529; x_wconf 87' lang='lat' dir='ltr'>tanto</span> <span class='ocrx_word' id='word_1_164' title='bbox 1301 1495 1494 1543; x_wconf 81' lang='lat' dir='ltr'>eruptura</span> 
     </span>
    </p>
   </div>
   <div class='ocr_carea' id='block_1_4' title="bbox 154 1554 654 1592">
    <p class='ocr_par' dir='ltr' id='par_1_8' title="bbox 154 1554 654 1592">
     <span class='ocr_line' id='line_1_22' title="bbox 154 1554 654 1592; baseline 0 0"><span class='ocrx_word' id='word_1_165' title='bbox 154 1555 206 1592; x_wconf 86' lang='lat' dir='ltr'>ad</span> <span class='ocrx_word' id='word_1_166' title='bbox 225 1554 418 1592; x_wconf 87' lang='lat' dir='ltr'>infensius</span> <span class='ocrx_word' id='word_1_167' title='bbox 435 1554 654 1592; x_wconf 88' lang='lat' dir='ltr'>servitium.</span> 
     </span>
    </p>
   </div>
  </div>
 </body>
</html>
