1664 2540
181 149 232 185 28
662 159 840 195 TACITUS,
870 159 1037 187 ANNALS.

179 252 346 290 Caecina
364 250 583 301 aquiliferis
603 250 880 302 signiferisque
907 254 948 289 et
976 252 1081 302 quod
1108 253 1281 291 maxime
1298 257 1520 293 castrorum

177 313 373 351 sincerum
407 316 494 350 erat
526 313 677 351 occulte
707 313 863 361 recitat,
898 319 1023 363 utque
1051 318 1214 353 cunctos
1242 314 1447 364 infamiae,
1479 328 1521 354 se

176 375 281 425 ipsos
298 375 419 412 morti
438 375 617 413 eximant
637 375 849 413 hortatur:
869 388 965 413 nam
985 375 1027 412 in
1046 388 1142 426 pace
1160 389 1301 415 causas
1318 380 1360 415 et
1378 378 1521 416 merita

177 437 346 488 spectari
358 451 369 485 3
409 437 478 474 ubi
509 437 658 474 bellum
691 438 867 487 ingruat,
899 437 1132 475 innocentes
1160 450 1206 476 ac
1238 438 1374 477 noxios
1404 439 1520 478 iuxta

118 510 159 536 10
176 500 324 538 cadere.
382 499 451 536 Illi
486 500 696 549 temptatis
733 512 830 549 quos
866 500 1027 537 idoneos
1063 501 1271 548 rebantur,
1308 506 1519 552 postquam

176 562 367 599 maiorem
400 562 600 611 legionum
633 565 790 612 partem
828 563 871 599 in
903 562 1027 599 officio
1058 563 1209 610 vident,
1239 562 1288 600 de
1319 563 1520 601 sententia

175 624 299 673 legati
326 627 513 661 statuunt
542 627 710 674 tempus,
732 636 810 673 quo
828 623 1097 661 foedissimum
1123 636 1322 674 quemque
1350 627 1392 662 et
1420 623 1520 670 sedi-

175 685 278 722 tioni
304 689 535 736 promptum
555 686 663 723 ferro
681 686 885 724 invadant.
943 686 1054 724 Tunc
1081 687 1195 736 signo
1223 685 1332 724 inter
1357 698 1400 724 se
1426 686 1519 724 dato

175 747 414 798 inrumpunt
443 748 717 795 contubernia,
750 747 956 785 trucidant
984 748 1156 798 ignaros,
1186 747 1300 786 nullo
1329 748 1407 786 nisi
1433 760 1521 787 con-

117 818 155 854 15
175 809 264 847 sciis
290 814 475 848 noscente
504 810 609 861 quod
636 809 766 848 caedis
792 810 966 856 initium,
997 809 1088 860 quis
1115 809 1220 848 finis.

227 961 385 999 XLIX.
417 961 585 999 Diversa
605 962 795 1009 omnium,
809 974 912 1011 quae
927 974 1119 1011 umquam
1133 961 1320 1009 accidere,
1339 961 1517 999 civilium

173 1035 373 1060 armorum
405 1022 537 1061 facies.
594 1023 688 1060 Non
717 1023 877 1073 proelio,
907 1035 988 1060 non
1015 1022 1191 1060 adversis
1217 1035 1240 1060 e
1266 1023 1419 1071 castris,
1447 1022 1516 1061 sed

171 1085 294 1122 isdem
322 1097 344 1122 e
371 1085 579 1133 cubilibus,
599 1098 697 1135 quos
724 1085 843 1122 simul
870 1085 1066 1123 vescentis
1093 1085 1186 1132 dies,
1216 1084 1335 1122 simul
1362 1084 1517 1136 quietos

171 1159 251 1183 nox
279 1146 486 1193 habuerat,
515 1147 720 1184 discedunt
748 1147 791 1184 in
818 1150 964 1197 parteS‚
984 1146 1175 1196 ingerunt
1201 1146 1294 1184 tela.
1353 1146 1514 1184 Clamor

132 1214 151 1250 5
173 1208 340 1246 vulnera
360 1209 523 1259 sanguis
542 1209 687 1259 palam,
707 1222 827 1246 causa
856 1208 898 1246 in
924 1208 1078 1246 occulto
1089 1222 1101 1256 3
1128 1211 1260 1245 cetera
1288 1207 1369 1246 fors
1394 1208 1513 1258 regit.

172 1271 227 1307 Et
264 1271 426 1320 quidam
465 1271 658 1308 bonorum
697 1271 812 1316 caesi,
850 1273 1063 1320 postquam
1099 1269 1301 1307 intellecto
1336 1269 1379 1306 in
1415 1281 1514 1319 quos

172 1332 406 1379 saeviretur,
423 1332 580 1382 pessimi
607 1344 763 1382 quoque
783 1345 897 1369 arma
916 1334 1147 1381 rapuerant.
1195 1330 1340 1380 Neque
1357 1330 1515 1381 legatus

172 1398 245 1431 aut
281 1394 470 1431 tribunus
506 1394 731 1431 moderator
769 1392 900 1430 adfuit
912 1406 923 1440 ;
969 1391 1159 1442 permissa
1195 1392 1316 1441 vulgo
1351 1391 1514 1429 licentia

171 1458 294 1505 atque
312 1455 413 1492 ultio
442 1459 483 1493 et
511 1455 687 1492 satietas.
746 1455 845 1492 Mox
862 1455 1062 1504 ingressus
1086 1457 1219 1490 castra
1238 1453 1512 1500 Germanicus,

110 1527 153 1552 10
171 1529 252 1554 non
288 1517 524 1555 medicinam
562 1517 661 1554 illud
697 1516 881 1566 plurimis
917 1528 1007 1553 cum
1044 1514 1220 1553 lacrimis
1255 1514 1325 1553 ‘sed
1361 1514 1512 1552 cladem

171 1579 388 1629 appellans,
417 1579 586 1617 cremari
615 1591 777 1629 corpora
806 1579 929 1616 iubet.

223 1640 369 1678 Truces
387 1641 511 1678 etiam
532 1644 620 1677 tum
640 1641 792 1678 animos
810 1639 950 1690 cupido
969 1639 1124 1677 involat
1142 1638 1262 1676 eundi
1281 1638 1324 1676 in
1342 1637 1510 1686 hostem,

170 1702 372 1752 piaculum
405 1702 552 1739 furoris
563 1716 574 1750 3
613 1715 685 1739 nec
716 1702 834 1739 aliter
865 1713 976 1751 posse
1013 1700 1163 1751 placari
1197 1699 1511 1738 commilitonum

170 1777 317 1811 manes,
330 1777 449 1814 quam
464 1764 496 1801 si
510 1764 733 1814 pectoribus
748 1763 878 1814 impiis
893 1763 1060 1800 honesta
1075 1762 1243 1800 vulnera
1256 1761 1508 1811 accepissent.

107 1835 147 1872 15
169 1826 359 1876 Sequitur
378 1826 559 1863 ardorem
579 1826 752 1863 militum
772 1826 917 1864 Caesar
936 1825 1150 1874 iunctoque
1169 1828 1291 1874 ponte
1309 1822 1508 1861 tramittit

167 1889 371 1926 duodecim
400 1889 510 1926 milia
539 1901 560 1926 e
588 1888 818 1938 legionibus,
838 1900 907 1925 sex
931 1890 973 1924 et
999 1886 1145 1936 viginti
1173 1885 1295 1923 socias
1322 1883 1508 1934 cohortis,

166 1954 254 1988 octo
272 1951 451 2000 equitum
471 1950 565 1998 alas,
586 1963 758 2000 quarum
777 1962 824 1987 ea
844 1949 1036 1987 seditione
1054 1949 1296 1986 intemerata
1313 1945 1507 1985 modestia

167 2011 258 2049 fuit.
1481 2023 1483 2025 ·

220 2161 264 2198 L.
296 2161 412 2198 Laeti
441 2173 568 2210 neque
597 2160 732 2210 procul
762 2160 953 2198 Germani
981 2160 1203 2209 agitabant,
1230 2158 1324 2196 dum
1351 2157 1506 2196 iustitio

163 2223 213 2260 ob
249 2223 438 2259 amissum
476 2223 723 2271 Augustum,
761 2225 850 2271 post
897 2221 1096 2258 discordiis
1137 2221 1370 2258 attinemur.
1443 2219 1504 2257 At

164 2284 371 2321 Romanus
406 2283 565 2332 agmine
602 2295 770 2332 propero
806 2282 948 2319 silvam
982 2282 1158 2320 Caesiam
1195 2281 1445 2330 limitemque
1476 2293 1502 2318 a

162 2345 318 2386 Tiberio
345 2348 527 2397 coeptum
555 2343 710 2392 scindit,
730 2349 862 2391 castra
890 2343 933 2380 in
961 2343 1088 2382 limite
1110 2343 1230 2391 locat,
1250 2342 1428 2381 frontem
1456 2354 1503 2381 ac
