1664 2540
184 179 207 215 4
665 189 841 226 merrus,
872 190 1040 217 ANNALS.

142 296 162 332 5
182 282 233 319 ad
253 282 459 319 visendum
488 282 710 333 Agrippam
723 297 733 327 3
762 283 912 320 multas
940 282 1020 320 illic
1040 283 1243 333 utrimque
1270 282 1455 321 lacrimas
1481 286 1524 321 et

180 344 296 393 signa
315 344 498 381 caritatis
517 356 705 394 spemque
723 357 843 395 er
867 344 954 382 fore
972 348 1020 382 ut
1047 344 1201 382 iuvenis
1225 345 1439 395 penatibus
1457 344 1522 383 avi

179 405 424 444 redderetur.
473 406 587 451 Quod
603 406 830 443 Maximum
846 407 960 444 uxori
981 406 1161 444 Marciae
1180 407 1392 457 aperuisse,
1408 395 1523 444 illam

181 468 329 506 Liviae.
386 468 569 517 Quarum
606 468 647 505 id
675 469 857 517 Caesari3
895 481 1024 519 neque
1061 469 1189 506 multo
1225 473 1314 519 post
1345 469 1521 507 extincto

181 530 373 578 Maximo,
394 531 559 568 dubium
583 545 638 568 an
657 532 837 581 quaesita
863 535 1003 579 morte,
1024 531 1182 575 audjms
1207 531 1418 587 Qnere
1437 531 1521 569 eius

121 604 163 629 10
181 592 359 630 Marciae
377 594 550 643 gemitus
569 596 695 631 semet
719 593 954 641 incusantis,
974 594 1078 643 quod
1104 607 1223 631 causa
1241 593 1520 651 exitQarito

178 655 330 693 fuisset.
398 657 631 705 Utcumque
668 669 709 693 se
745 669 793 693 ea
830 669 893 694 res
930 656 1087 710 habuit,
1121 655 1286 694 vixdum
1318 656 1520 706 ingressus

178 717 388 767 Illyricum
418 718 598 755 Tiberius
627 702 818 768 properis(
838 718 978 755 matris
1010 718 1156 756 litteris
1186 717 1338 755 accitur
1349 731 1360 766 3
1389 730 1518 768 neque

177 781 277 817 satis
321 783 554 830 conpertum
600 783 672 826 est,
711 779 932 830 spirantem
969 780 1100 817 adhuc
1141 779 1375 830 Augustum
1411 780 1518 830 apud

176 842 315 879 urbem
344 842 491 879 Nolam
519 855 571 879 an
602 842 827 880 exanimem
858 842 1086 892 reppererit.
1142 842 1316 880 Acribus
1343 855 1518 892 namque

116 916 155 951 15
175 903 362 941 custodiis
382 904 543 941 domum
568 907 609 940 et
628 904 714 941 vias
736 907 940 954 saepserat
963 903 1092 950 Livia,
1112 903 1288 953 laetique
1311 904 1515 942 interdum
1563 918 1567 920 ·

175 966 310 1002 nuntii
343 965 627 1015 vulgabantur,
661 966 782 1003 donec
812 966 978 1015 provisis
1007 967 1600 1023 qua-Q

174 1027 293 1064 simul
313 1027 518 1065 excessisse
542 1027 774 1077 Augustum
797 1031 837 1065 et
865 1040 1000 1065 rerum
1028 1027 1149 1077 potiri
1171 1026 1374 1066 Neronem
1402 1028 1514 1066 fama

172 1088 311 1126 eadem
330 1089 435 1126 tulit.

226 1250 303 1287 VI.
339 1249 520 1286 Primum
567 1249 724 1286 facinus
770 1249 863 1287 novi
909 1250 1159 1300 principatus
1204 1249 1284 1288 fuit
1330 1248 1512 1287 Postumi

170 1312 377 1362 Agrippae
421 1310 569 1358 caedes,
615 1323 734 1360 quem
777 1311 965 1360 ignarum
1011 1311 1288 1360 inermumque
1328 1309 1511 1361 quamvis

170 1374 354 1410 firmatus
390 1372 525 1409 animo
561 1372 742 1410 centurio
769 1384 888 1422 aegre
919 1372 1101 1410 confecit.
1158 1372 1272 1409 Nihil
1309 1372 1357 1410 de
1388 1384 1436 1410 ea
1466 1384 1509 1409 re

169 1435 350 1472 Tiberius
382 1433 487 1484 apud
520 1437 706 1471 senatum
739 1433 924 1471 disseruit
935 1447 946 1481 3
984 1433 1110 1483 patris
1142 1433 1248 1471 iussa
1280 1433 1508 1479 simulabat,

129 1510 149 1546 5
170 1497 313 1547 quibus
340 1495 655 1545 praescripsisset
681 1495 845 1533 tribuno
873 1495 1074 1548 custodiae
1101 1495 1291 1545 adposito,
1314 1508 1366 1533 ne
1392 1508 1509 1533 cunc-

169 1563 327 1596 taretur
359 1557 586 1606 Agrippam
623 1561 753 1594 morte
790 1556 970 1603 adficere,
1003 1557 1240 1607 quandoque
1277 1569 1507 1607 supremum

168 1621 272 1658 diem
297 1619 543 1669 explevisset.
603 1618 739 1656 Multa
759 1619 985 1669 sinQubio
1009 1631 1206 1668 saevaque
1223 1619 1434 1670 Augustus
1457 1619 1506 1656 de

168 1682 343 1719 moribus
370 1680 634 1717 adulescentis
661 1684 836 1729 questus,
863 1684 910 1717 ut
938 1681 1099 1718 exilium
1128 1682 1211 1718 eius
1238 1685 1400 1719 senatus
1417 1693 1504 1718 con-

166 1743 272 1781 sulto
311 1743 536 1780 sanciretur
574 1742 808 1791 perfecerat,
847 1747 1018 1781 ceterum
1058 1744 1100 1781 in
1138 1745 1288 1782 nullius
1324 1756 1503 1793 unquam

107 1822 149 1847 10
167 1818 326 1842 suorum
348 1809 483 1841 necem
505 1804 679 1858 du—ravit,
699 1817 828 1853 neque
853 1809 1022 1842 mortem
1014 1806 1176 1858 ffipoti
1200 1819 1271 1856 pro
1289 1805 1503 1843 securitate

166 1866 339 1916 privigni
361 1866 532 1903 inlatam
558 1866 743 1903 credibile
768 1870 869 1903 erat.
927 1866 1096 1916 Propius
1113 1879 1207 1904 vero
1229 1866 1431 1904 Tiberium
1454 1878 1502 1904 ac

167 1929 336 1974 Liviam,
370 1928 484 1964 illum
517 1931 641 1974 metu,
672 1928 776 1965 hanc
809 1928 1083 1966 novercalibus
1114 1929 1223 1976 odiis,
1257 1927 1428 1978 suspecti
1459 1931 1501 1965 et

164 1989 281 2027 invisi
300 1989 454 2026 iuvenis
468 1989 627 2026 caedem
644 1984 904 2026 festinavisse.
961 1989 1002 2026 N
1004 1990 1184 2027 untianti
1202 1989 1438 2035 centurioni,
1452 1992 1500 2026 ut

164 2064 247 2088 mos
266 2051 444 2097 militiae,
465 2050 617 2086 factum
638 2062 719 2086 esse
738 2050 842 2098 quod
860 2050 1093 2099 imperasset
1104 2065 1115 2095 ;
1141 2063 1270 2100 neque
1287 2051 1517 2101 imperasse·

104 2131 143 2167 ¹5
163 2125 245 2150 sese
269 2117 310 2150 et
331 2111 530 2150 rationem
556 2110 655 2147 facti
682 2111 922 2148 reddendam
942 2111 1049 2160 apud
1073 2116 1258 2149 senatum
1282 2111 1497 2162 respondit.

163 2174 276 2220 Quod
304 2177 516 2223 postquam
546 2172 759 2209 Sallustius
777 2172 939 2222 Crispus
966 2173 1164 2223 particeps
1187 2177 1428 2211 secretorum
1448 2172 1500 2225 (ie

161 2238 211 2274 ad
241 2236 447 2273 tribunum
476 2235 639 2272 miserat
665 2235 877 2286 codicillos)
896 2235 1099 2285 comperit,
1119 2239 1302 2274 metuens
1327 2248 1381 2273 ne
1405 2246 1497 2274 reus

161 2299 407 2346 subderetur,
427 2297 543 2335 iuxta
561 2296 778 2346 periculoso
796 2297 890 2334 ficta
908 2310 978 2335 seu
998 2310 1091 2335 vera
1108 2301 1320 2347 promeret,
1340 2297 1495 2335 monuit

156 2360 318 2399 Liviam
343 2371 394 2397 ne
418 2371 567 2396 areana
587 2357 736 2404 domus,
756 2358 996 2397 ne,eonsilia
1023 2359 1253 2407 amicorum,
1273 2358 1494 2397 ministeria.
