1664 2540
532 206 639 232 Boon
667 207 709 242 1.,
738 206 856 233 cmv.
887 195 950 233 51.
1371 194 1420 231 29

90 301 249 348 tergum
285 297 399 344 vallo,
435 297 563 335 latera
597 297 855 336 concaedibus
891 297 1083 335 munitus.
1158 297 1260 335 Inde
1295 297 1423 334 saltus

92 359 275 397 obscuros
300 362 479 409 permeat
504 359 783 409 consultatque
810 371 860 397 ex
886 359 1034 397 duobos
1060 358 1273 396 itineribus
1303 358 1422 396 breve

89 424 132 458 et
162 421 322 458 solitum
354 424 543 470 sequatur
572 434 625 458 an
656 421 871 471 inpeditius
902 425 944 458 et
976 421 1261 471 intemptatum
1298 432 1423 470 eoque

91 483 270 520 hostibus
280 483 498 521 incautum.
537 482 702 520 Delecta
713 482 888 532 longiore
898 483 964 520 via
976 486 1108 520 cetera
1122 482 1400 520 adcelerantur
1413 496 1422 520 :

90 545 240 582 etenim
258 544 484 582 attulerant
497 543 765 594 exploratores
778 543 923 581 festam
937 557 1023 581 eam
1038 543 1247 582 Germanis
1266 548 1422 581 noctem

91 619 139 643 ac
174 605 427 644 sollemnibus
462 605 590 655 epulis
625 605 827 643 ludicram.
895 606 1064 643 Caecina
1102 619 1193 643 011111
1229 605 1424 656 expeditis

91 667 318 705 cohortibus
346 666 498 716 praeire
529 671 570 704 et
601 667 803 704 obstantia
835 667 1027 704 silvarum
1055 667 1213 705 amoliri
1238 667 1400 704 iubetur
1411 680 1423 714 ;

90 729 262 780 legiones
289 729 440 766 modico
466 728 677 766 intervallo
703 733 936 779 sequuntur.
993 729 1107 767 Iuvit
1135 742 1214 766 nox
1232 729 1425 766 sideribus

91 791 285 837 inlustris,
318 795 562 840 ventumque
593 791 644 828 ad
676 791 781 828 vicos
813 790 1043 827 Marsorum
1079 794 1122 828 et
1156 790 1425 828 circumdatae

95 852 297 899 stationes,
318 852 458 890 stratis
475 853 596 890 etiam
625 856 711 890 tum
739 865 810 902 per
836 853 980 890 cubilia
997 857 1239 902 propterque
1257 864 1424 898 mensas,

96 914 207 951 nullo
236 918 359 961 metu,
389 927 470 951 non
498 915 731 964 antepositis
762 914 929 964 vigiliis:
970 914 1067 952 adeo
1094 918 1238 952 cuncta
1271 914 1426 951 incuria

97 975 259 1013 disiecta
293 980 410 1013 erant
440 987 568 1026 neque
599 976 693 1013 belli
723 976 855 1023 timor,
887 989 931 1013 80
963 989 1014 1014 119
1045 990 1126 1026 pax
1157 976 1316 1026 quidem
1347 975 1426 1012 nisi

94 1036 285 1087 languida
311 1040 354 1074 et
380 1036 509 1074 soluta
536 1037 642 1074 inter
669 1037 917 1075 temulentos.

151 1152 223 1191 LI.
252 1153 398 1191 Caesar
433 1153 567 1190 avidas
601 1153 784 1203 legiones,
814 1167 892 1203 quo
923 1154 1045 1191 latior
1076 1154 1279 1204 populatio
1310 1153 1427 1200 foret,

98 1217 294 1263 quattuor
311 1213 355 1250 in
372 1226 517 1251 cuneos
534 1214 719 1263 dispertit
730 1228 742 1262 ;
769 1215 1061 1265 quinquaginta
1079 1215 1234 1252 milium
1253 1215 1429 1265 spatium

99 1276 205 1314 ferro
234 1275 479 1324 flammisque
507 1279 724 1324 pervastat.
778 1275 873 1313 Non
902 1289 1031 1323 sexus,
1062 1289 1143 1314 non
1173 1280 1285 1314 aetas
1317 1275 1431 1314 mise-

99 1336 294 1375 rationem
322 1337 475 1383 attulit,
505 1336 674 1386 profana
703 1337 822 1375 simul
849 1341 890 1375 et
917 1351 1030 1376 sacra
1058 1342 1099 1376 et
1130 1338 1429 1376 celeberrimum

101 1398 181 1436 illis
224 1398 409 1448 gentibus
452 1399 658 1448 templum,
695 1399 800 1448 quod
844 1399 1065 1437 Tamfanae
1104 1400 1313 1447 vocabant,
1350 1399 1432 1437 solo

106 1463 343 1510 aequantur.
400 1459 493 1496 Sine
511 1461 675 1498 vulnere
701 1460 860 1508 milites,
879 1461 950 1511 qui
976 1463 1240 1509 semisomnos,
1260 1461 1432 1498 inermos

103 1525 177 1558 aut
212 1521 388 1571 palantis
423 1521 660 1559 ceciderant.
734 1523 892 1560 Excivit
938 1535 985 1560 ea
1029 1523 1165 1560 caedes
1206 1523 1431 1570 Bructeros,

102 1583 317 1629 Tubantes,
335 1583 533 1633 Usipetes,
552 1584 765 1634 saltusque,
784 1597 855 1635 per
882 1599 979 1635 quos
1006 1586 1197 1623 exercitui
1220 1598 1432 1636 regressuS,

105 1645 293 1683 insedere.
348 1645 461 1690 Quod
485 1657 584 1694 gual
587 1658 655 1682 um
682 1646 772 1683 duci
798 1646 1033 1696 incessitque
1058 1647 1194 1684 itineri
1212 1652 1253 1684 et
1273 1647 1430 1697 proelio.

106 1707 208 1743 Pars
224 1706 403 1755 equitum
431 1709 472 1742 et
498 1706 733 1744 auxiliariae
759 1708 938 1745 cohortae
964 1708 1174 1755 ducebant,
1194 1721 1284 1745 mox
1303 1709 1433 1767 prima

105 1766 218 1817 legio,
230 1771 271 1803 et
282 1766 421 1804 mediis
431 1767 721 1816 impedimentis
732 1768 937 1806 sinistrum
950 1769 1055 1806 latus
1066 1768 1433 1815 unetvicensimani,

105 1828 288 1866 dextrum
315 1828 502 1877 quintani
527 1828 712 1876 clausere,
734 1829 946 1867 vicensima
973 1831 1075 1880 legio
1101 1835 1216 1881 terga
1243 1830 1433 1877 firmavit,

107 1892 195 1939 post
221 1888 342 1926 ceteri
368 1889 571 1926 sociorum.
627 1889 702 1927 Sed
729 1889 871 1938 hostes,
891 1891 1011 1929 donec
1038 1905 1182 1941 agmen
1209 1905 1280 1941 per
1306 1892 1434 1929 saltus

110 1949 389 1999 porrigeretur,
421 1946 585 1996 immoti,
615 1950 708 1988 dein
745 1951 872 1988 latera
909 1957 950 1990 et
986 1952 1159 1991 frontem
1190 1954 1339 1991 modice
1370 1953 1435 1990 ad-

111 2011 318 2058 sultantes,
350 2014 438 2048 tota
469 2013 510 2048 vi
545 2012 773 2050 novissimos
803 2014 1015 2052 incurrere.
1071 2015 1434 2064 Turbabanturque

114 2072 243 2109 densis
278 2071 566 2109 Germanorum
601 2074 772 2111 catervis
806 2074 910 2112 leves
945 2075 1135 2122 cohortes,
1165 2089 1253 2113 eum
1292 2076 1437 2113 Caesar

113 2132 300 2170 advectus
331 2133 382 2169 ad
413 2133 700 2172 vicensimanos
734 2147 827 2172 voce
862 2149 1010 2185 magna
1045 2137 1117 2174 hoc
1148 2138 1248 2174 illud
1278 2141 1438 2186 tempus

114 2193 400 2231 oblitterandae
425 2194 626 2232 seditionis
651 2195 901 2234 clamitabat:
930 2201 1152 2247 pergerent,
1180 2201 1438 2248 properarent

114 2254 271 2304 culpam
297 2254 341 2291 in
367 2254 484 2292 decus
509 2260 674 2294 vertere.
731 2257 925 2296 Exarsere
946 2259 1090 2296 animis
1109 2272 1266 2309 unoque
1284 2259 1437 2309 impetu

114 2318 350 2366 perruptum
378 2315 531 2354 hostem
557 2317 744 2367 redigunt
771 2319 815 2356 in
843 2323 984 2369 aperta
1011 2321 1283 2370 caeduntque3
1320 2320 1439 2358 simul

115 2375 233 2425 primi
251 2376 421 2426 8311111118
437 2377 571 2427 copiae
587 2390 747 2418 evasere
771 2379 891 2418 silvas
908 2384 1120 2431 castraque
1136 2382 1438 2420 communivere.

1445 623 1489 648 10

1448 930 1488 967 15

1455 1718 1498 1743 10

1458 2023 1498 2060 15

1457 2323 1503 2350 20
