1664 2540
161 164 208 200 18
639 175 817 212 melros,
845 177 1013 204 ANNALS.
1123 193 1154 215 ⁴

158 267 291 314 Drusi,
332 269 547 318 Iustusque
593 269 798 317 Catonius,
844 270 963 320 primi
1009 270 1159 308 ordinis
1204 271 1398 319 centurio,
1444 271 1497 309 ad

156 329 356 367 Tiberium
391 330 625 368 mittuntur.
683 331 891 369 Certatum
920 331 1012 369 inde
1048 332 1270 379 sententiis,
1303 346 1393 371 cum
1427 333 1498 370 alii

156 392 414 442 opperiendos
441 393 590 442 legatos
617 397 739 443 atque
767 393 929 430 interim
957 394 1144 432 comitate
1168 382 1496 444 permulcendum

98 453 140 479 10
155 454 325 491 militem
344 458 561 502 censerent,
581 455 650 492 alii
678 455 908 493 fortioribus
935 456 1117 494 remediis
1142 456 1364 507 agendum;
1397 457 1499 495 nihil

157 516 200 553 in
223 517 341 566 vulgo
368 517 588 555 modicum:
620 520 784 564 terrere,
804 518 847 554 ni
874 521 1048 568 paveant
1060 532 1071 562 ;
1105 519 1174 555 ubi
1201 519 1498 568 pertimuerint,

157 579 308 628 inpune
336 579 547 616 contemni.
606 579 715 616 Dum
745 580 974 629 superstitio
1010 583 1166 630 urgeat,
1196 579 1419 618 adiciendos
1450 592 1500 618 ex

157 640 255 678 duce
288 644 418 678 metus
450 641 618 678 sublatis
650 641 852 678 seditionis
879 642 1120 679 auctoribus.
1182 642 1420 692 Promptum
1447 641 1499 679 ad

158 703 357 752 asperiora
394 703 599 753 ingenium
638 703 770 741 Druso
806 707 919 742 erat:
969 707 1129 741 vocatos
1166 703 1416 742 Vibulenum
1458 706 1500 742 et

100 769 138 805 15
159 764 423 801 Percennium
452 764 622 802 interfici
649 765 770 802 iubet.
828 760 1207 815 Tradunt'plerique
1233 766 1343 803 intra
1369 765 1500 803 taber-

159 827 347 864 naculum
380 827 490 864 ducis
519 827 692 874 obrutos,
722 827 791 864 alii
822 840 986 877 corpora
1017 832 1133 865 extra
1163 820 1314 865 vallum
1342 826 1497 864 abiecta

160 889 347 926 ostentui.

216 1035 355 1073 XXX.
385 1035 499 1083 Tum,
526 1039 573 1072 ut
601 1035 766 1085 quisque
793 1036 1030 1086 praecipuus
1058 1035 1255 1083 turbator,
1275 1034 1499 1085 conquisiti,

161 1102 202 1135 et
230 1111 333 1148 pars,
365 1102 478 1135 extra
506 1102 638 1135 castla
671 1098 864 1148 palantes,
898 1112 923 1136 a
953 1098 1253 1140 centurionibus
1284 1100 1357 1135 aut
1387 1109 1500 1147 prae-

160 1161 355 1198 toriarum
385 1160 606 1197 coh01tium
626 1161 820 1198 militibus
838 1161 962 1208 caesi,
996 1146 1184 1210 quosdam
1203 1138 1298 1210 i‘psi
1302 1159 1500 1210 manipuli

161 1223 443 1260 documentum
463 1222 553 1259 fidei
573 1222 782 1260 tradidere.
838 1223 1022 1260 Auxerat
1049 1222 1223 1260 militum
1251 1235 1365 1260 curas
1390 1234 1500 1273 prae-

122 1288 141 1323 5
162 1287 322 1321 matura
354 1283 478 1321 hiems
511 1283 705 1321 imbribus
736 1284 936 1321 continuis
967 1284 1142 1333 adeoque
1173 1284 1310 1331 saevis,
1339 1286 1388 1320 ut
1418 1295 1499 1320 non

161 1345 294 1395 egredi
312 1346 499 1392 tentoria,
519 1346 750 1395 congregari
768 1346 876 1382 inter
894 1358 946 1392 se,
965 1346 1032 1382 vix
1049 1345 1179 1382 tutari
1197 1346 1311 1395 signa
1327 1347 1498 1395 possent,

162 1420 262 1457 quae
282 1408 443 1445 turbine
462 1413 582 1457 atque
600 1407 709 1444 unda
727 1408 1008 1457 raptabantur.
1067 1407 1252 1444 Durabat
1271 1410 1312 1444 et
1329 1405 1500 1444 formido

162 1470 371 1512 caelestis
361 1483 456 1517 Irae,
478 1483 548 1508 nec
576 1462 728 1508 frustra
755 1470 944 1508 adversus
971 1470 1111 1520 impios
1129 1470 1336 1507 hebescere
1353 1469 1516 1516 sidera,-

162 1545 278 1570 ruere
296 1537 575 1583 tempestates:
607 1547 688 1570 non
716 1533 826 1584 aliud
854 1533 1050 1570 malorum
1078 1533 1351 1570 levamentum
1378 1543 1500 1581 quam

104 1601 146 1626 10
163 1595 195 1632 si
223 1595 450 1644 linquerent
478 1599 608 1632 castra
636 1584 816 1632 infausta
836 1598 1111 1644 temerataque
1139 1597 1179 1631 et
1207 1594 1327 1632 solut1
1315 1583 1521 1644 piaculo·

163 1658 244 1694 suis
276 1656 442 1706 quisque
473 1657 648 1694 hibernis
680 1657 953 1694 redderentur.
1011 1657 1192 1694 Primum
1225 1658 1379 1702 octava,
1409 1653 1502 1691 dein

163 1717 308 1767 quinta
331 1717 494 1755 decuma
522 1718 623 1768 legio
651 1702 823 1756 rediere:
858 1731 1042 1755 nonanus
1070 1717 1328 1767 opperiendas
1354 1714 1502 1753 Tiberii

163 1779 355 1829 epistulas
383 1780 675 1827 clamitaverat,
706 1793 797 1817 mox
829 1780 1028 1817 desolatus
1065 1780 1234 1816 aliorum
1271 1777 1501 1816 discessione

163 1842 426 1879 inminentem
464 1842 737 1879 necessitatem
784 1845 923 1891 sponte
959 1841 1178 1891 praevenit.
1253 1840 1309 1877 Et
1345 1839 1503 1876 Drusus

106 1913 144 1949 15
164 1915 245 1940 non
275 1907 501 1952 exspectato
533 1903 980 1954 legatorum-regressu,
1011 1903 1105 1952 quia
1142 1899 1368 1952 praesentia
1403 1895 1503 1937 s‘atis

136 1998 142 2003 ,
164 1965 425 2012 considerant,
446 1965 489 2002 in
508 1966 646 2003 urbem
666 1965 796 2005 rediit,

220 2115 387 2153 XXXI.
418 2115 550 2153 Isdem
588 2107 713 2169 feffle
750 2116 886 2154 diebus
922 2115 1045 2153 isdem
1081 2114 1208 2152 causis
1245 2111 1504 2151 Germanicae

165 2177 340 2227 legiones
358 2178 558 2223 turbatae,
581 2181 735 2226 quanto
762 2178 907 2227 plures,
928 2181 1044 2214 tanto
1063 2176 1276 2214 violentius
1294 2178 1336 2212 et
1354 2186 1503 2223 magna

166 2251 235 2288 spe
272 2238 356 2274 fore
399 2242 446 2274 ut
482 2239 741 2275 Germanicus
779 2239 922 2276 Caesar
962 2238 1175 2288 imperium
1211 2237 1378 2274 alterius
1418 2235 1504 2285 pati
1544 2269 1549 2273 ,

167 2299 351 2349 nequiret
388 2299 579 2348 daretque
615 2312 656 2336 se
693 2299 913 2349 legionibus
948 2300 989 2338 vi
1020 2313 1092 2337 sua
1121 2305 1266 2336 cuncta
1298 2296 1500 2347 tractans

129 2377 147 2412 5
170 2362 260 2399 Duo
279 2361 386 2411 apud
405 2362 531 2410 ripam
546 2361 678 2398 Rheni
693 2362 889 2399 exercitus
903 2365 1021 2399 erant
1028 2375 1041 2410 ;
1065 2361 1128 2414 0111
1141 2372 1287 2399 nomen
1297 2357 1502 2410 superiori,
