1664 2540
151 151 203 190 40
634 168 812 205 nonos,
842 168 1009 196 mALs.

154 258 395 308 principium
441 260 587 309 pontis,
625 261 762 299 laudes
798 266 840 300 et
884 266 1018 312 grates
1062 262 1230 301 reversis
1272 261 1492 313 legionibus

153 319 381 358 habentem.
434 321 484 358 Id
502 321 650 359 Tiberii
668 323 847 360 animum
867 324 989 361 altius
1006 325 1257 374 penetravit:
1285 337 1367 362 non
1385 324 1492 361 enim

90 393 132 417 10
151 381 347 432 simplices
374 394 442 420 eas
469 396 598 432 curas,
618 397 689 422 nec
717 384 908 423 adversus
936 390 1120 424 externos
1147 386 1317 424 militem
1333 376 1492 436 quaeri.

149 443 265 480 Nihil
290 443 473 482 relictum
500 445 820 495 imperatoribus,
841 447 909 484 ubi
938 447 1088 485 femina
1115 448 1340 498 manipulos
1365 447 1490 485 inter-

151 506 267 552 visat,
297 506 412 556 signa
442 506 572 554 adeat,
606 508 862 558 largitionem
894 512 1077 559 temptet,
1109 513 1315 560 tamquam
1346 522 1491 560 parum

150 567 360 606 ambitiose
383 568 511 606 filium
541 568 650 606 ducis
674 570 827 620 gregali
856 570 999 608 habitu
1031 570 1288 609 circumferat
1326 571 1488 611 Caesar-

151 642 294 679 emque
313 629 540 682 Caligulam
559 631 754 682 appellari
773 632 882 670 velit.
938 632 1138 670 Potiorem
1156 633 1239 670 iam
1256 631 1362 683 apud
1380 644 1491 670 exer-

91 701 131 736 15
151 692 255 729 citus
282 691 550 742 Agrippinam
578 706 699 743 quam
731 694 894 744 legatos,
921 707 1042 744 quam
1071 695 1212 740 duces3
1240 706 1492 745 conpressam

152 767 178 791 a
205 753 372 792 muliere
408 754 654 803 seditionem,
690 756 755 793 cui
782 769 927 794 nomen
959 756 1149 807 principis
1185 756 1375 795 obsistere
1411 768 1493 794 non

151 815 336 865 quiverit.
398 816 650 854 Accendebat
687 817 784 856 haec
819 818 1092 868 onerabatque
1130 818 1309 866 Seianus,
1345 818 1493 869 peritia

152 890 310 915 morum
347 878 494 916 Tiberii
530 879 620 916 odia
657 879 700 917 in
736 879 899 931 longum
936 880 1094 928 iaciens,
1127 893 1231 931 quae
1262 879 1493 918 reconderet

153 936 350 991 auctaque
368 944 579 990 promeret.

209 1102 342 1140 LXX.
371 1102 432 1140 At
459 1102 720 1141 Germanicus
751 1103 964 1154 legionum,
991 1117 1091 1154 quas
1123 1103 1294 1142 navibus
1317 1105 1495 1150 vexerat,

154 1165 365 1202 secundam
392 1168 434 1202 et
461 1168 649 1215 quartam
669 1166 873 1203 decumam
901 1166 1045 1203 itinere
1063 1166 1245 1204 terrestri
1264 1166 1309 1204 P.
1331 1164 1497 1202 Vitellio
1515 1173 1519 1176 '

155 1227 352 1264 ducendas
381 1227 518 1275 tradit,
538 1241 617 1278 quo
644 1228 768 1266 levior
795 1228 928 1266 classis
950 1228 1094 1266 vadoso
1121 1228 1224 1266 mari
1251 1228 1414 1265 innaret
1433 1226 1496 1265 vel

154 1288 348 1338 reciproco
377 1289 534 1327 sideret.
592 1289 783 1327 Vitellius
821 1290 995 1340 primum
1029 1290 1108 1327 iter
1139 1290 1240 1327 sicca
1271 1289 1395 1326 humo
1423 1290 1498 1326 aut

115 1356 135 1392 5
155 1349 304 1387 modice
345 1349 560 1388 adlabente
606 1354 721 1389 aestu
759 1351 940 1401 quietum
986 1351 1155 1389 habuit:
1208 1363 1300 1388 mox
1335 1349 1497 1400 inpulsu

155 1412 363 1462 aquilonis,
394 1413 513 1450 simul
550 1413 676 1450 sidere
713 1413 966 1463 aequinoctii,
1000 1426 1079 1463 quo
1108 1413 1287 1451 maxime·
1312 1411 1500 1450 tumescit

156 1474 350 1521 Oceanus,
388 1473 475 1524 rapi
510 1474 655 1524 agique
692 1487 850 1524 agmen.
921 1474 977 1512 Et
1023 1475 1291 1525 opplebantur
1335 1477 1497 1511 terrae:

157 1535 295 1573 eadem
332 1536 437 1574 freto
473 1536 582 1573 litori
614 1537 764 1587 campis
800 1537 920 1575 facies
952 1550 1081 1587 neque
1111 1537 1282 1575 discerni
1311 1539 1500 1595 poterant

158 1597 311 1635 incerta
330 1598 382 1635 ab
400 1598 543 1646 solidis,
560 1599 696 1637 brevia
715 1613 739 1637 a
758 1599 976 1650 profundis.
1033 1600 1282 1637 Sternuntur
1299 1598 1499 1645 fluctlbus,

100 1668 142 1694 10
160 1659 406 1696 hauriuntur
424 1660 673 1710 gurgitibus;
704 1661 897 1709 iumenta,
918 1661 1105 1708 sarcinae,
1125 1674 1289 1711 corpora
1310 1659 1498 1698 exanima¹

159 1721 413 1768 interfluunt,
427 1726 646 1759 occursant.
688 1723 985 1760 Permiscentur
996 1723 1102 1760 inter
1114 1735 1154 1760 se
1167 1722 1374 1772 manipuli,
1387 1720 1502 1758 modo

162 1785 319 1832 pectore
339 1783 452 1820 modo
480 1797 546 1821 ore
573 1788 692 1821 tenus
720 1788 934 1831 exstantes,
956 1783 1173 1834 aliquando
1191 1784 1396 1822 subtracto
1420 1781 1502 1820 solo
1572 1781 1577 1786 ’

161 1843 313 1881 disiecti
340 1848 413 1881 aut
441 1845 585 1882 obruti.
643 1845 737 1882 Non
761 1847 838 1882 vox'
864 1849 905 1882 et
933 1845 1067 1882 mutui
1095 1845 1282 1882 hortatus
1308 1843 1514 1881 iuvabant·

162 1905 399 1943 adversante
436 1906 568 1950 unda3
613 1906 715 1943 nihil
752 1910 940 1944 strenuus
975 1907 1026 1943 ab
1062 1906 1221 1956 ignavo,
1255 1905 1413 1956 sapiens
1448 1904 1502 1941 ab

102 1979 142 2016 15
163 1966 406 2017 inprudenti,
435 1968 598 2005 consilia
626 1981 651 2005 a
679 1981 773 2005 casu
806 1968 986 2006 differre:
1025 1971 1168 2005 cuncta
1195 1968 1283 2018 pari
1314 1964 1504 2004 violentia

163 2029 485 2067 involvebantur.
542 2030 718 2067 Tandem
738 2030 932 2067 Vitellius
950 2030 994 2066 in
1022 2030 1190 2067 editiora
1217 2029 1350 2067 enisus
1367 2027 1503 2065 eodem

165 2103 309 2140 agmen
338 2091 540 2129 subduxit.
596 2092 887 2128 Pernoctavere
915 2091 998 2128 sine
1027 2091 1274 2137 utensilibus,
1295 2090 1380 2127 sine
1405 2087 1502 2138 igni,

166 2165 314 2202 magna
332 2165 426 2202 pars
445 2154 550 2191 nudo
569 2157 643 2190 aut
662 2153 839 2190 mulcato
858 2166 1029 2203 corpore,
1050 2153 1159 2191 haud
1186 2153 1319 2190 minus
1342 2148 1503 2189 misera-

166 2215 265 2252 biles
300 2228 421 2264 quam
459 2228 557 2264 quos
594 2215 719 2252 hostis
755 2214 1007 2251 circumsidet
1021 2228 1032 2262 3
1084 2214 1230 2264 quippe
1266 2212 1346 2250 illic
1381 2211 1504 2249 etiam

105 2284 149 2309 20
167 2276 357 2314 honestae
376 2281 514 2314 mortis
535 2289 639 2323 usus,
661 2276 722 2313 his
749 2275 962 2325 inglorium
990 2275 1168 2313 exitium.
1226 2274 1316 2311 Lux
1334 2271 1506 2311 reddidit

168 2341 330 2385 terram,
359 2342 695 2387 penetratumque
735 2336 796 2391 ad‘
830 2349 989 2375 amnem
1028 2337 1222 2386 Visurgin
1249 2348 1327 2385 quo
1359 2335 1507 2372 Caesar
