1664 2540
503 247 508 252 -
559 211 666 237 noox
694 211 736 247 1.,
763 208 881 236 cm.
899 186 974 236 '32.
1399 194 1448 232 19

115 305 190 343 sub
202 305 246 344 C.
262 304 359 343 Silio
374 304 519 354 legato,
530 302 760 340 inferiorem
774 302 825 339 A.
841 301 1013 340 Caecina
1030 300 1209 338 curabat.
1252 299 1448 349 Regimen

116 379 295 405 summae
321 366 380 404 rei
404 378 524 416 penes
550 364 846 410 Germanicum,
874 362 1027 413 agendo
1058 362 1283 400 Galliarum
1315 361 1450 399 censui

115 432 206 466 tum
242 427 456 466 intentum.
532 426 609 464 Sed
645 426 788 475 quibus
825 424 945 462 Silius
981 424 1277 471 moderabatur,
1315 426 1450 461 mente

117 490 305 540 ambigua
315 490 519 527 fortunam
531 488 733 526 seditionis
743 487 897 536 alienae
908 487 1236 537 speculabantur:
1252 485 1452 523 inferioris

51 560 54 562 ’
116 553 313 591 exercitus
338 552 451 589 miles
477 551 520 588 in
546 550 699 588 rabiem
718 549 926 600 prolapsus
944 552 1016 596 est,
1036 552 1124 586 orto
1146 549 1199 585 ab
1225 547 1452 585 unetvicen-

116 613 279 652 simanis
313 613 597 664 quintanisque
632 612 758 658 initio,
790 615 832 649 et
868 612 1011 649 tractis
1046 611 1176 661 prima
1213 622 1369 660 quoque
1404 621 1452 646 ac

119 737 371 776 habebantur
388 750 460 786 per
477 737 604 774 otium
622 740 696 773 aut
720 735 824 772 levia
843 735 993 772 munia.
1008 734 1021 786 l
1050 735 1186 785 Igitur
1210 734 1348 772 audito
1372 733 1452 770 fine

119 799 295 849 Augusti
322 798 536 836 vernacula
563 797 779 834 multitudo
811 809 939 846 nuper
966 800 1056 834 acto
1085 797 1128 834 in
1161 796 1260 834 urbe
1291 795 1451 842 dilectu,

118 860 303 898 lasciviae
320 863 446 906 sueta,
466 859 646 902 laborum
664 858 894 905 intolerans,
911 858 1074 908 implere
1092 861 1314 895 ceterorum
1333 857 1452 894 rudes

119 921 293 959 animos:
323 920 476 957 venisse
502 923 661 969 tempus
686 932 765 969 quo
783 919 962 956 veterani
989 923 1191 957 maturam
1212 918 1450 965 miss10nem,

120 982 282 1023 iuvenes
308 981 481 1031 largiora
512 981 721 1031 stipendia,
749 980 881 1018 cuncti
915 980 1073 1018 modum
1104 981 1355 1018 miseriarum
1387 993 1451 1018 ex-

121 1046 324 1099 posjgr—qnt
359 1043 647 1092 saevitiamque
682 1041 958 1080 centurionum
995 1043 1291 1090 ulciscerentur.
1358 1042 1453 1079 Non

121 1117 226 1142 unus
253 1103 363 1151 haec,
391 1109 440 1142 ut
471 1105 722 1142 Pannonicas
753 1105 860 1141 inter
895 1104 1067 1154 legiones
1099 1094 1350 1150 Percennius,
1380 1116 1452 1142 nee

121 1165 229 1216 apud
267 1165 442 1214 trepidas
486 1165 661 1202 militum
704 1177 831 1218 aures,
870 1165 968 1202 alios
1004 1165 1211 1202 validiores
1256 1165 1453 1203 exercitus

57 1244 67 1254 ·
121 1226 428 1276 respicientium,
458 1227 523 1264 sed
556 1227 685 1264 multa
714 1221 915 1264 seditionis
946 1240 1016 1263 ora
1047 1239 1259 1276 vocesque:
1283 1236 1376 1264 ’8118
1408 1227 1453 1265 111

122 1301 244 1325 manu
285 1289 403 1326 sitam
445 1300 529 1325 rem
575 1288 811 1335 Romanam,
848 1288 929 1325 suis
964 1289 1139 1326 victoriis
1183 1289 1323 1339 augeri
1360 1276 1452 1327 ‘rem

121 1350 334 1400 publicam,
352 1350 396 1387 in
413 1363 529 1387 suum
547 1354 852 1400 cognomentum
870 1350 1032 1388 adscisci
1049 1351 1319 1400 imperatores

175 1465 366 1503 XXXII.
394 1466 480 1503 Nec
524 1465 679 1515 legatus
722 1466 878 1503 obviam
923 1465 1035 1514 ibat3
1085 1467 1231 1518 quippe
1274 1467 1452 1517 plurium

122 1526 327 1575 vassqrdia
337 1527 601 1564 constantiam
613 1530 823 1565 exemerat.
854 1527 1035 1577 Repente
1048 1527 1245 1577 lymphati
1255 1528 1453 1567 destrictis

123 1586 294 1637 gladiis
342 1575 594 1625 centul-‘iones
612 1587 831 1626 invadunt:
854 1600 901 1625 ea
919 1589 1189 1626 vetustissima
1201 1590 1453 1628 militaribus

122 1647 221 1686 odiis
230 1646 417 1686 materies
429 1651 471 1685 et
484 1648 683 1686 saeviendi
694 1648 943 1699 principium.
983 1649 1212 1687 Prostratos
1223 1651 1454 1689 verberibus

124 1709 315 1753 mulcant,
334 1710 518 1759 sexageni
535 1710 721 1759 singulos,
740 1713 788 1747 ut
805 1723 1017 1747 numerum
1037 1713 1314 1749 centurionum
1333 1713 1451 1761 adae-

124 1775 309 1820 quarent,
346 1774 435 1808 tum
470 1772 675 1809 convulsos
710 1771 961 1822 laniatosque
991 1777 1044 1810 ets
1064 1774 1214 1822 partim
1250 1765 1453 1812 exanimo's

124 1835 221 1869 ante
239 1832 390 1870 vallum
406 1837 479 1870 aut
505 1832 549 1869 in
575 1845 731 1869 amnem
751 1832 939 1870 Rhenum
966 1834 1177 1882 proiciunt.
1236 1835 1453 1885 Septimius

1474 552 1517 577 10

1475 866 1514 900 15

1471 1177 1517 1202 20

125 1906 216 1939 cum
243 1893 479 1943 perfugisset
506 1894 558 1931 ad
585 1894 763 1931 tribunal
789 1895 1029 1945 pedibusque
1054 1896 1246 1934 Caecinae
1272 1898 1453 1935 advolve·

124 1958 249 2002 retur,
268 1967 313 1992 eo
339 1957 463 2005 usque
489 1956 694 2005 flagitatus
721 1960 793 2004 est,
815 1957 936 1994 donec
953 1957 1004 1994 ad
1030 1958 1198 1995 exitium
1226 1959 1450 2010 dederetur.

30 2033 40 2043 ·
112 2015 283 2054 -Oassius
309 2016 497 2063 Chaerea,
518 2029 611 2054 mox
636 2017 761 2063 caede⁵
778 2017 855 2055 Gai
883 2018 1062 2055 Caesaris
1089 2020 1327 2064 memoriam,
1345 2021 1451 2070 apud

123 2079 299 2127 posteros
337 2076 514 2126 adeptus,
531 2079 534 2081 ’
549 2081 638 2114 tum
681 2078 908 2116 adulescens
944 2083 985 2117 et
1026 2080 1150 2126 animi
1185 2081 1309 2127 ferox,
1346 2082 1453 2118 inter

125 2137 328 2175 obstantes
353 2140 395 2175 et
421 2141 598 2175 armatos
623 2138 730 2176 ferro
754 2140 862 2177 viam
889 2127 1089 2189 patefecit.
1146 2141 1240 2183 Non
1267 2142 1453 2180 tribunus

1472 2015 1515 2055 16

127 2197 248 2246 ultra,
283 2210 365 2235 non
408 2204 628 2237 castrorum
671 2201 897 2250 praefectus
935 2202 998 2239 ius
1037 2198 1234 2241 obtinuit:
1284 2192 1452 2252 vigilias,
1480 2186 1487 2195 ¹

128 2259 329 2307 stationes,
348 2263 390 2297 et
407 2260 441 2297 si
458 2273 538 2309 qua
563 2261 642 2298 alia
659 2274 845 2310 praoeens
863 2276 957 2300 usus
983 2264 1195 2311 indixerat,
1215 2264 1290 2314 ipsi
1308 2265 1454 2313 partie-

129 2319 289 2357 bantur.
318 2320 371 2377 Id
380 2321 572 2360 militares
581 2322 735 2360 animos
746 2323 868 2361 altius
878 2324 1190 2362 coniectantibus
1199 2326 1454 2375 praecipuum

128 2379 332 2418 indicium.
365 2382 503 2431 magni
537 2386 660 2442 atque
702 2384 951 2434 inplacabilis
995 2390 1137 2433 motus,
1174 2387 1280 2436 quod
1326 2399 1454 2435 neque

1476 2338 1514 2374 15
