1664 2540
446 200 554 228 Boon
582 201 625 236 1.,
653 199 792 227 cnm.
825 187 889 236 78,
920 159 984 235 ÷9‚
1014 188 1078 226 80.
1383 187 1435 224 45

157 364 408 403 LXXVIII.
436 362 645 414 Templum
662 366 711 400 ut
728 363 772 400 in
789 362 941 400 colonia
962 361 1249 399 Tarraconensi
1268 364 1437 399 struere-

104 429 175 464 tur
200 427 387 476 Augusto
413 425 640 475 petentibus
667 423 862 474 Hispanis
889 424 1136 473 permissum,
1157 423 1376 473 datumque
1394 422 1438 459 in

105 489 236 526 omnis
250 487 473 538 provincias
496 487 732 536 exemplum.
790 485 1058 523 Oentesimam
1080 498 1216 522 rerum
1234 484 1438 522 venalium

106 553 195 600 post
238 550 343 587 bella
388 548 518 586 civilia
562 548 790 585 institutam
836 548 1073 597 deprecante
1126 547 1272 597 populo
1316 546 1439 584 edixit

56 638 59 639 γ
105 611 285 650 Tiberius
302 611 475 648 militare
494 610 694 648 aerarium
722 622 768 647 eo
794 609 966 647 subsidio
983 609 1061 646 niti
1072 622 1084 656 ;
1111 609 1228 646 simul
1247 609 1440 658 imparem

106 673 217 711 oneri
243 685 329 710 rem
356 671 567 722 publicam,
587 672 665 709 nisi
692 671 904 709 vicensimo
933 670 1099 708 militiae
1127 683 1233 707 anno
1260 669 1441 707 veterani

107 734 421 773 dimitterentur.
494 734 564 770 Ita
600 733 803 783 proximae
847 732 1050 770 seditionis
1094 732 1199 769 male
1244 731 1439 779 consulta,

107 795 252 847 quibus
287 795 455 833 sedecim
486 795 771 845 stipendiorum
803 794 923 831 finem
960 798 1250 844 expresserant,
1288 793 1440 831 abolita

108 857 153 895 111
178 860 393 921 posterum.

163 996 364 1036 LXXIX.
393 996 545 1034 Actum
564 996 705 1034 deinde
723 996 766 1034 in
786 999 930 1034 senatu
949 996 1001 1034 ab
1019 996 1220 1033 Arruntio
1247 1000 1288 1034 et
1306 997 1441 1043 Ateio,

109 1071 163 1097 an
179 1059 231 1096 ob
247 1058 507 1096 moderandas
525 1058 676 1095 Tiberis
694 1058 981 1095 exundationes
998 1061 1256 1096 verterentur
1274 1058 1441 1095 flumina

109 1124 152 1158 et
181 1120 302 1167 lacus,
332 1132 402 1169 per
433 1132 532 1169 quos
559 1120 761 1169 augoecit3
799 1119 1040 1168 auditaeque
1068 1119 1373 1170 municipiorum
1400 1124 1442 1156 et

109 1181 353 1220 coloniarum
397 1181 627 1230 legationoe,
673 1180 880 1217 orantibus
926 1180 1179 1228 Florentinis,
1217 1193 1267 1218 ne
1307 1181 1443 1218 Clanis

109 1242 226 1281 solito
242 1241 355 1280 alveo
371 1241 553 1279 demotus
570 1241 613 1278 in
631 1254 791 1278 amnem
818 1242 980 1279 Arnum
1007 1241 1299 1280 transferretur
1323 1242 1444 1292 idque

110 1305 207 1357 ipsis
241 1304 456 1354 perniciem
493 1303 682 1340 adferret.
739 1303 1011 1352 Congruentia
1047 1302 1110 1340 his
1146 1303 1444 1341 Interamnates

111 1365 359 1404 disseruere:
387 1377 544 1415 pessum
571 1365 697 1402 ituros
724 1364 1020 1401 feeundjssimos
1047 1364 1195 1402 Italiae
1221 1377 1390 1415 campos,
1410 1366 1445 1402 si

112 1427 245 1465 amnis
274 1426 365 1464 Nar
397 1425 455 1478 (id
482 1426 589 1463 enim
622 1424 859 1476 parabatur)
889 1426 933 1463 in
961 1426 1066 1463 rivos
1094 1426 1277 1464 diductus
1312 1439 1446 1477 super-

112 1488 391 1539 stagnavisset.
446 1488 531 1525 Nec
558 1487 722 1525 Reatini
740 1487 921 1534 silebant,
940 1487 1133 1524 Velinum
1151 1487 1293 1534 lacum,
1314 1488 1383 1537 qui
1401 1487 1445 1524 in

114 1549 267 1587 Narem
293 1549 523 1596 effunditur,
543 1549 695 1586 obstrui
722 1552 957 1595 recusantes,
977 1549 1122 1599 quippe
1149 1548 1192 1586 in
1219 1549 1444 1594 adiacentia

114 1614 374 1659 erupturum:
403 1614 565 1659 optume
583 1610 702 1647 rebus
720 1610 950 1647 mortalium
975 1610 1215 1648 consuluisse
1242 1615 1443 1658 naturam,

115 1684 216 1721 quae
246 1683 319 1708 sua
348 1684 420 1708 ora
447 1671 690 1717 fluminibus,
720 1683 810 1708 suos
836 1683 974 1708 cursus
999 1675 1124 1721 utque
1152 1672 1357 1722 originem,
1385 1673 1445 1710 ita

115 1733 215 1770 fines
249 1732 413 1770 dederit.
469 1732 712 1781 Spectandas
748 1732 869 1769 etiam
898 1733 1106 1782 religiones
1138 1734 1342 1781 sociorum,
1362 1735 1446 1783 ‚qui

115 1806 228 1832 sacra
263 1797 305 1831 et
339 1794 446 1830 lueos
481 1798 523 1831 et
556 1806 649 1831 aras
679 1794 821 1844 patriis
852 1795 1038 1831 amnibus
1069 1795 1315 1843 dicaverint3
1347 1796 1445 1845 quin

115 1855 244 1905 ipsum
271 1854 445 1891 Tiberim
472 1854 578 1892 nolle
604 1867 765 1904 prorsus
791 1855 929 1892 accolis
946 1855 1077 1892 fluviis
1094 1856 1278 1893 orbatum
1296 1857 1447 1894 minore

117 1915 245 1966 gloria
261 1916 396 1954 fluere.
435 1915 531 1953 .Seu
548 1929 681 1966 preees
699 1916 940 1953 coloniarum
959 1929 1028 1954 seu
1046 1917 1257 1955 difficultas
1282 1931 1446 1968 operum

116 1976 200 2014 sive
228 1976 456 2026 superstitio
484 1976 614 2013 valuit
642 1981 690 2014 ut
719 1978 761 2013 in
791 1977 1033 2014 sententiam
1063 1978 1135 2015 Cn.
1169 1978 1323 2016 Pisonis
1358 1992 1446 2017 con-

117 2036 332 2084 cederetur,
360 2037 429 2086 qui
456 2037 515 2074 1111
541 2037 780 2074 mutandum
809 2043 1031 2076 censuerat.

173 2186 347 2224 LXXX.
390 2187 636 2236 Prorogatur
671 2187 854 2238 Poppaeo
877 2189 1024 2227 Sabino
1051 2190 1255 2240 provincia
1283 2192 1445 2238 Moesia,

119 2247 265 2285 additis
291 2247 447 2285 Achaia
475 2260 523 2285 ac
554 2248 801 2287 Maoedonia.
858 2250 908 2287 Id
939 2263 1093 2301 quoque
1120 2265 1275 2289 morum
1302 2253 1449 2290 Tiberii

121 2309 213 2355 fuit,
245 2308 478 2346 continuare
508 2309 675 2358 imperia
711 2323 758 2347 ac
788 2311 992 2361 plerosque
1021 2313 1073 2349 ad
1109 2313 1228 2350 finem
1261 2314 1369 2351 vitae
1404 2316 1448 2351 in

122 2368 244 2412 isdem
261 2369 497 2412 exercitibus
514 2374 585 2410 aut
602 2371 937 2414 iurisdictionibus
954 2373 1112 2416 habere.
1168 2375 1322 2416 Causae
1340 2377 1447 2416 varie
1519 2373 1522 2376 ¹

1466 1566 1509 1590 10

1468 1875 1507 1911 15
