1664 2540
546 170 652 197 mox
681 171 723 207 1.,
752 170 891 199 crure.
922 160 985 207 39,
1014 161 1076 200 40.
1429 161 1480 198 23

200 330 412 369 ΧΧΧΙΧ.
440 331 602 369 Interea
629 329 751 380 legati
778 330 829 367 ab
853 334 996 367 senatu
1023 342 1244 380 regressum
1270 330 1353 368 iam
1377 328 1483 380 apud

147 405 261 430 aram
289 392 488 430 Ubiorum
517 391 799 429 Germanicum
827 391 990 429 adeunt.
1056 391 1173 428 Duae
1206 391 1263 428 ibi
1298 391 1482 441 legiones,

148 453 279 504 prima
298 458 420 503 atque
442 453 667 500 vicensima,
688 453 945 503 veteranique
970 466 1098 503 nuper
1116 453 1224 490 missi
1247 454 1322 490 sub
1340 446 1484 490 vexillo

148 515 390 553 hiemabant.
446 515 615 553 Pavidos
636 518 678 552 et
702 515 939 552 conscientia
959 515 1166 555 vaecordes
1190 515 1321 553 intrat
1340 519 1482 560 metus5

148 577 301 614 venisse
318 580 481 627 patrum
499 577 609 614 iussu
622 577 691 627 qui
709 577 834 614 inrita
851 576 1032 614 facerent
1045 579 1149 627 quae
1167 589 1237 626 per
1250 577 1482 614 seditionem
1526 583 1547 620 5

149 642 436 688 expresserant.
493 637 633 687 thue
660 651 744 675 mos
770 638 888 688 vulgo
907 638 1089 688 quamvis
1116 637 1229 675 falsis
1254 650 1368 675 reum
1394 637 1483 674 sub-

149 699 254 746 dere,
292 699 526 736 Munatium
562 699 757 736 Plancum
792 699 1002 736 consulatu
1038 698 1236 746 functum,
1265 698 1504 749 principem⁴

150 759 371 810 legationis,
385 763 591 797 auctorem
608 764 772 796 senatus
789 760 958 797 consulti
978 761 1164 797 incusant
1172 774 1183 808 3
1203 764 1244 797 et
1264 764 1377 798 nocte
1395 773 1485 797 con-

149 821 267 859 cubia
279 819 468 859 vexillum
483 821 525 858 in
545 821 659 858 domo
677 821 905 859 Germanici
924 822 1048 858 situm
1067 822 1252 872 flagitare
1270 822 1483 872 occipiunt,

150 895 419 933 concursuque
448 882 500 920 ad
528 883 693 920 ianuam
725 882 831 920 facto
863 883 1086 921 moliuntur
1114 883 1228 930 foros,
1257 887 1483 921 extractum
1506 892 1550 917 10

151 944 272 982 cubili
313 944 521 982 Caesarem
562 944 723 982 tradere
763 945 955 982 vexillum
995 946 1153 982 intento
1190 946 1332 983 mortis
1373 948 1485 982 metu

151 1005 354 1055 subigunt.
402 1006 499 1043 Mox
516 1006 609 1055 vagi
626 1018 698 1055 per
716 1006 801 1043 vias
818 1006 953 1043 obvios
970 1006 1143 1044 habuere
1162 1006 1324 1057 legatos,
1343 1007 1485 1044 audita

152 1068 470 1105 consternatione
498 1067 550 1104 ad
581 1067 861 1105 Germanicum
888 1069 1109 1107 tendentes.
1166 1069 1367 1118 Ingerunt
1397 1081 1486 1106 con-

152 1128 350 1175 tumelias,
383 1128 542 1165 caedem
574 1132 733 1178 parant,
767 1129 916 1166 Planco
947 1130 1133 1176 maxime,
1165 1142 1283 1179 quem
1312 1130 1488 1180 dignitas

154 1189 251 1240 fuga
268 1190 530 1240 impediverat
541 1204 553 1238 3
581 1203 710 1240 neque
728 1191 838 1228 aliud
862 1191 1109 1241 periclitanti
1127 1192 1346 1229 subsidium
1364 1205 1486 1242 quam
1509 1203 1549 1240 15

153 1255 284 1289 oestra
319 1252 470 1302 primae
506 1252 681 1302 legionis.
738 1253 827 1290 Illic
859 1253 973 1303 signa
1002 1257 1044 1291 et
1075 1254 1251 1303 aquilam
1281 1255 1488 1304 amplexus

152 1313 342 1363 religione
377 1326 460 1350 sose
495 1314 722 1362 tutabatur,
755 1327 802 1352 ac
838 1315 882 1352 ni
914 1315 1103 1365 aquilifer
1134 1316 1375 1365 Calpurnius
1404 1316 1487 1353 vim

154 1379 375 1412 extremam
415 1376 616 1423 arcuisset,
658 1389 797 1414 rarum
839 1377 962 1414 etiam
1003 1377 1112 1414 inter
1153 1378 1295 1425 hostes,
1333 1379 1490 1428 legatus

154 1436 290 1486 populi
325 1436 499 1474 Romani
536 1437 728 1474 Romanis
763 1439 807 1475 in
842 1439 983 1475 castris
1013 1439 1208 1489 sanguine
1237 1452 1308 1477 suo
1340 1440 1489 1477 altaria

155 1497 274 1534 deum
309 1498 685 1536 commaculavisset.
742 1499 848 1537 Luce
885 1499 1055 1547 demum,
1083 1504 1294 1551 postquam
1331 1498 1413 1539 dux
1448 1506 1489 1540 et
1508 1513 1555 1538 20

156 1558 268 1596 miles
303 1562 346 1596 et
382 1558 492 1596 facta
528 1561 805 1609 noscebantur,
837 1562 1038 1612 ingressus
1069 1566 1201 1600 eastra
1229 1563 1491 1601 Germanicus

156 1619 320 1669 perduci
355 1620 405 1657 ad
441 1633 481 1657 se
517 1621 711 1659 Plancum
747 1623 920 1673 imperat
960 1623 1185 1673 recepitque
1221 1623 1264 1660 in
1300 1624 1488 1662 tribunal.

157 1681 259 1718 Tuin
293 1680 461 1719 fatalem
492 1682 702 1732 increpans
730 1684 894 1731 rabiem,
922 1697 1050 1734 neque
1077 1685 1251 1722 militum
1278 1686 1347 1722 sed
1373 1685 1491 1723 deum

156 1742 219 1780 ira
254 1754 471 1792 resurgere,
508 1756 580 1780 cur
616 1745 801 1782 venerint
835 1745 958 1795 legati
994 1747 1126 1796 aperit
1138 1760 1149 1794 3
1186 1746 1248 1783 ius
1283 1747 1493 1797 legationis

157 1808 280 1854 atque
314 1804 437 1854 ipsius
473 1804 614 1843 Planci
649 1819 812 1855 gravem
848 1811 890 1845 et
925 1808 1158 1845 inmeritum
1193 1821 1341 1857 casum,
1373 1809 1492 1847 simul
1511 1820 1554 1857 25

96 1916 99 1918 Ι
159 1868 358 1916 quantum
398 1866 594 1904 dedecoris
631 1867 775 1905 adierit
810 1868 924 1918 legio,
962 1869 1132 1907 facunde
1172 1870 1396 1918 miseratur,
1433 1874 1492 1908 at-

158 1926 368 1976 tonitaque
404 1927 531 1977 magis
566 1941 688 1978 quam
725 1930 861 1979 quieta
896 1931 1078 1968 contione
1114 1931 1266 1981 legatos
1297 1932 1493 1982 praesidio

159 1987 416 2025 auxiliarium
442 1989 624 2038 equitum
651 1989 832 2028 dimittit.

213 2098 304 2137 XL.
334 2098 395 2135 Eo
421 2098 464 2136 in
482 2103 595 2137 metu
621 2113 788 2150 arguere
806 2102 1088 2140 Germanicum
1115 2116 1261 2150 omnes,
1282 2103 1386 2154 quod
1413 2116 1494 2141 non

161 2159 214 2196 ad
240 2160 482 2208 superiorem
509 2162 726 2199 exercitum
753 2167 948 2212 pergeret,
975 2164 1044 2200 ubi
1071 2165 1258 2215 obsequia
1285 2169 1326 2203 et
1353 2168 1494 2202 contra

161 2223 319 2261 rebellis
354 2225 573 2263 auxilium:
610 2227 710 2264 satis
745 2240 940 2278 superque
976 2229 1157 2266 missione
1184 2234 1226 2267 et
1257 2229 1425 2279 pecunia
1453 2232 1495 2266 et

162 2285 346 2322 mollibus
376 2287 566 2324 consultis
598 2292 815 2337 peccatum.
871 2290 950 2327 Vel
980 2285 1014 2327 s'i
1046 2291 1136 2328 vilis
1166 2292 1242 2340 ipsi
1274 2291 1391 2338 salus,
1425 2303 1497 2327 cur

163 2345 291 2383 filium
321 2347 547 2396 parvulum,
566 2361 638 2386 cur
663 2350 868 2399 gravidam
887 2351 1095 2402 coniugem
1122 2352 1230 2390 inter
1256 2351 1429 2390 furentis
1455 2354 1497 2388 et
1524 2403 1528 2406 ἡ
1538 2366 1558 2403 5
