1664 2540
549 186 655 213 BOOK
683 187 724 222 1.‚
753 186 871 213 GHAP.
902 175 966 213 43.
1379 173 1430 212 25

94 279 230 318 vobis?
282 279 396 326 Quod
413 291 557 316 nomen
575 278 667 316 huic
685 279 813 317 coetui
827 278 928 316 dabo
942 280 956 316 Ἰ
1004 277 1208 316 Militesne
1221 277 1429 328 appellem,

94 339 166 390 qui
181 339 308 379 filium'
334 340 587 391 imperatoris
604 342 728 379 vestri
746 341 852 379 vallo
879 343 921 378 et
947 340 1069 378 armis
1097 339 1428 378 circumsedistis:
1452 347 1494 373 ¹0

95 414 150 439 an
167 402 275 451 civis,
292 403 437 454 quibus
453 406 540 441 tam
558 403 733 453 proiecta
751 406 915 441 senatus
933 401 1178 439 auctoritas?
1234 402 1426 439 Hostium

94 475 250 514 quoque
284 465 347 502 ius
381 469 423 502 et
458 478 570 502 sacra
606 464 816 515 legationis
852 468 894 502 et
930 464 993 502 fas
1028 463 1211 514 gentium
1248 463 1424 514 rupistis.

86 525 224 564 ‚Divus
258 527 388 564 Iulius
422 527 653 565 seditionem
690 527 888 565 exercitus
919 526 1039 563 verbo
1074 538 1156 563 uno
1186 525 1427 576 compescuit

87 587 269 635 ,Quirites
286 588 460 626 vocando
478 589 547 639 qui
558 593 853 626 sacramentum
866 589 950 626 eius
961 587 1256 625 detractabant.
1297 587 1428 625 Divus

56 642 59 643 ⁷
94 649 306 700 Augustus
323 650 440 688 vultu
458 654 500 688 et
518 655 679 701 aspectu
697 651 886 688 Actiacas
903 651 1077 700 legiones
1103 649 1324 688 exterruit:
1354 662 1426 687 nos
1450 656 1489 691 15

95 715 143 749 ut
160 711 338 750 nondum
355 712 521 760 eosdem,
540 713 600 750 ita
618 725 667 751 ex
684 713 764 750 illis
790 716 898 750 ortos
924 713 958 750 si
986 711 1207 762 Hispaniae
1236 711 1427 749 Suriaeve

94 772 208 810 miles
217 778 510 823 aspernaretur,
524 778 660 812 tamen
674 775 820 812 mirum
834 778 875 812 et
889 774 1099 824 indignum
1110 777 1208 812 erat.
1238 774 1429 812 Primane

95 837 137 872 et
162 834 375 873 vicensima
402 836 586 886 legiones,
604 837 675 873 issa
702 837 824 886 signis
850 850 875 874 a
902 836 1059 874 Tiberio
1085 836 1269 886 acceptis,
1288 839 1337 874 tu
1364 839 1427 873 tot

95 895 334 945 proeliorum
360 898 476 944 socia,
495 901 557 936 tot
584 898 771 948 praemiis
798 901 930 945 aucta,
950 897 1148 947 egregiam
1175 897 1266 934 duci
1293 901 1427 935 vestro

95 957 269 1008 gratiam
301 958 485 997 refertis?
542 960 665 997 Hunc
692 972 764 1009 ego
792 959 980 996 nuntium
1017 959 1125 1009 patri
1154 959 1260 996 laeta
1292 958 1427 1011 omnia
1448 967 1493 993 20

96 1018 186 1056 aliis
213 1031 236 1057 e
265 1020 477 1070 provinciis
508 1021 701 1068 audienti,
732 1021 885 1058 feram'l
941 1021 1073 1070 Ipsius
1109 1020 1269 1067 tirones,
1302 1021 1427 1070 ipsius

95 1084 304 1119 veteranos
330 1095 410 1119 non
438 1082 631 1129 missione,
651 1095 732 1120 non
760 1083 928 1133 pecunia
955 1083 1149 1131 satiatos,
1177 1082 1241 1120 hic
1259 1086 1426 1121 tantum

95 1141 265 1180 interfici
291 1144 552 1191 centuriones,
581 1143 654 1181 eici
679 1144 874 1190 tribunos,
904 1144 1053 1181 includi
1084 1144 1247 1194 legatos,
1275 1144 1425 1182 infecta

96 1204 288 1254 sanguine
316 1208 448 1242 castra
479 1205 656 1253 flumina,
686 1217 827 1255 meque
858 1205 1078 1258 prep-ariam
1110 1206 1288 1243 animam
1317 1206 1425 1243 inter

95 1264 269 1304 infensos
294 1266 467 1304 trahere.

150 1412 312 1450 XLIII.
344 1416 366 1437 “
379 1413 462 1451 Gur
479 1414 584 1451 enim
598 1417 726 1464 primo
739 1415 933 1452 contionis
947 1415 1008 1452 die
1023 1415 1175 1453 ferrum
1190 1416 1301 1459 illud,
1321 1417 1427 1465 quod

96 1474 245 1523 pectori
261 1486 348 1511 meo
366 1475 528 1525 infigere
546 1477 752 1526 parabam,
772 1477 1013 1523 detraxistis,
1028 1490 1051 1514 o
1065 1477 1261 1527 inprovidi
1280 1478 1426 1516 amici?

98 1534 246 1573 Melius
271 1540 314 1573 et
340 1537 544 1575 amantius
570 1537 636 1575 ille
656 1538 725 1587 qui
742 1538 917 1588 gladium
936 1539 1135 1576 offerebat.
1193 1538 1426 1576 Cecidissem

97 1599 203 1634 certe
220 1596 396 1634 nondum
415 1601 477 1635 tot
496 1598 738 1648 flagitiorum
755 1599 945 1636 exercitui
972 1612 1059 1636 meo
1085 1600 1283 1647 conscius;
1311 1600 1426 1650 legis-

97 1657 192 1695 setis
219 1657 368 1705 ducem,
387 1659 457 1708 qui
484 1671 614 1696 meam
640 1660 799 1709 quidem
826 1665 993 1698 mortem
1018 1661 1246 1711 inpunitam
1264 1661 1425 1708 sineret,
1469 1676 1489 1711 5

97 1718 201 1756 Vari
227 1722 364 1757 tamen
392 1724 432 1758 et
458 1721 584 1758 trium
611 1721 811 1771 legionum
838 1722 1104 1760 ulcisceretur.
1160 1723 1302 1773 Neque
1319 1724 1426 1764 enim

98 1779 138 1818 di
165 1780 302 1818 sinant
328 1785 376 1818 ut
403 1781 619 1832 Belgarum
646 1796 886 1833 quamquam
913 1784 1164 1822 offerentium
1183 1784 1300 1822 decus
1318 1785 1426 1822 istud

96 1845 141 1879 et
168 1842 363 1880 claritudo
391 1843 456 1890 sit,
488 1844 714 1881 subvenisse
751 1845 931 1882 Romano
966 1845 1129 1892 nomini,
1157 1846 1428 1895 compressisse

98 1904 334 1942 Germaniae
351 1906 524 1955 populos.
571 1907 668 1954 Tua,
688 1907 776 1944 dive
794 1907 991 1957 Auguste,
1010 1908 1118 1945 caelo
1131 1912 1289 1958 recepta
1302 1922 1426 1956 mens,

97 1968 183 2013 tua,
202 1969 320 2016 pater
339 1966 481 2014 Druse,
500 1967 644 2018 imago,
663 1969 726 2006 tui
744 1970 932 2007 memoria
950 1969 1074 2007 isdem
1092 1969 1180 2007 istis
1206 1983 1297 2007 cum
1326 1970 1427 2007 mili·
1450 1987 1492 2012 10

98 2026 219 2074 tibus,
238 2040 335 2077 quos
352 2028 434 2065 iam
452 2028 579 2078 pudor
596 2033 638 2067 et
656 2030 781 2080 gloria
794 2031 934 2078 intrat,
949 2031 1088 2068 eluant
1106 2032 1210 2069 hanc
1228 2032 1426 2070 maculam

99 2088 256 2138 irasque
284 2089 415 2126 civiles
442 2090 486 2126 in
513 2090 680 2128 exitium
708 2092 887 2129 hostibus
914 2095 1088 2131 vertant.
1147 2093 1232 2130 Vos
1257 2105 1425 2142 quoque,

99 2163 268 2201 quorum
296 2151 375 2188 alia
404 2165 510 2189 nunc
546 2165 626 2199 ora,
663 2154 743 2191 alia
778 2158 938 2203 pectora
974 2158 1176 2202 contueor,
1205 2156 1239 2192 si
1274 2155 1427 2205 legatos

99 2213 271 2259 senatui,
298 2212 526 2262 obsequium
553 2215 794 2264 imperatori,
813 2216 847 2253 si
873 2215 972 2252 mihi
999 2216 1206 2266 coniugem
1232 2220 1274 2254 et
1295 2217 1423 2254 filium

100 2272 276 2320 redditis,
295 2273 481 2311 discedite
498 2287 524 2311 a
542 2278 730 2313 contactu
747 2289 792 2313 ac
810 2276 974 2314 dividite
990 2277 1192 2316 turbidos:
1225 2277 1266 2315 id
1283 2277 1426 2315 stabile
1449 2283 1489 2318 ι5

101 2331 152 2369 ad
170 2332 470 2384 paenitentiam,
489 2333 530 2370 id
548 2334 639 2374 fidei
655 2327 858 2375 vinculum
878 2336 990 2377 erit.'’
