1664 2540
145 130 195 166 24
626 143 803 181 memus,
834 144 1002 173 ANNALs.

141 233 270 270 omnis
302 234 470 272 humani
497 236 596 273 iuris
626 237 838 275 violatores
866 238 1057 277 haberet?
1114 238 1211 277 Illos
1237 239 1385 279 saltem
1411 253 1485 279 avo

141 299 182 333 et
227 296 286 334 rei
331 297 512 346 publicae
556 298 751 336 redderet.
821 300 903 337 Diu
944 304 1159 339 cunctatus
1199 306 1485 352 aspernantem

140 371 316 406 uxorem,
336 372 427 396 cum
455 373 496 397 se
523 360 613 398 divo
639 362 826 412 Augusto
853 366 984 400 ortam
1013 376 1143 414 neque
1171 363 1404 414 degenerem
1431 365 1484 403 ad

141 421 315 470 pericula
349 425 582 470 testaretur,
615 428 813 473 postremo
847 429 1008 462 uterum
1045 426 1129 463 eius
1162 430 1203 464 et
1235 439 1483 465 communem

80 491 123 516 10
142 483 267 520 filium
294 484 421 521 multo
441 498 531 522 cum
556 485 653 522 fletu
679 486 918 535 complexus,
938 491 986 525 ut
1013 487 1144 525 abiret
1168 488 1356 538 perpulit.
1414 489 1482 526 In-

141 544 304 582 cedebat
327 546 519 583 muliebre
544 550 585 584 et
608 547 832 586 miserabile
857 562 1013 599 agmen,
1039 549 1211 601 profuga
1233 550 1344 588 ducis
1368 563 1480 598 uxor,

140 607 355 656 parvulum
374 608 464 645 sinu
483 609 611 646 filium
630 623 782 660 gerenS,
803 611 1072 650 lamentantes
1098 613 1244 650 circum
1263 612 1481 651 amicorum

140 670 336 720 coniuges,
368 684 470 721 quae
506 672 624 709 simul
661 672 941 721 trahebantur,
975 687 1047 712 nec
1079 675 1212 712 minus
1242 675 1379 713 tristes
1411 675 1483 726 qui

140 731 371 770 manebant.

193 847 308 885 XLI.
337 847 431 885 Non
444 848 621 887 florentis
636 850 815 888 Caesaris
829 863 957 900 neque
975 850 1056 889 suis
1067 851 1110 888 in
1122 852 1275 899 castris,
1288 851 1480 890 sedvelut

139 910 182 946 in
210 910 309 947 urbe
327 909 434 947 victa
460 909 582 948 facies
599 911 849 963 gemitusque
875 926 920 951 ac
945 913 1131 963 planctus
1155 913 1277 951 etiam
1304 914 1480 953 militum

139 984 255 1008 aures
273 984 421 1022 oraque
439 973 673 1012 advertere:
702 975 1014 1025 progrediuntur
1041 975 1322 1014 contuberniis.
1379 975 1479 1022 Quis

139 1032 206 1069 ille
234 1032 375 1070 flebilis
402 1035 548 1072 sonus?
577 1035 681 1084 quod
709 1039 795 1073 tam
813 1037 958 1075 triste?
986 1037 1156 1075 feminas
1181 1037 1376 1086 inlustris,
1395 1050 1478 1075 non

99 1104 120 1141 5
140 1094 411 1132 centurionem
441 1095 491 1132 ad
523 1097 707 1145 tutelam,
741 1111 821 1136 non
853 1100 1034 1147 militem,
1068 1099 1171 1137 nihil
1198 1100 1477 1150 imperatoriae

140 1157 274 1194 uxoris
286 1161 360 1194 aut
371 1158 585 1196 comitatus
599 1160 722 1198 soliti:
739 1173 902 1211 pergere
916 1162 966 1200 ad
974 1163 1163 1200 Treveros
1174 1165 1364 1200 externae
1374 1161 1477 1199 fidei.

140 1218 274 1256 Pudor
305 1219 396 1256 inde
426 1223 468 1257 et
500 1221 705 1259 miseratio
736 1226 778 1260 et
806 1224 934 1272 patris
960 1223 1175 1274 Agrippae,
1204 1223 1382 1274 Augusti
1412 1223 1478 1261 avi

137 1281 340 1328 memoria,
370 1294 475 1318 socer
505 1283 672 1331 Drusus,
693 1284 778 1334 ipsa
807 1285 953 1336 insigni
981 1285 1240 1333 fecunditate,
1270 1285 1477 1335 praeclara

137 1342 330 1392 pudicitia
342 1356 353 1390 3
395 1343 477 1380 iam
509 1344 645 1382 infans
681 1346 723 1383 in
756 1347 899 1384 castris
931 1347 1102 1396 genitus,
1135 1346 1179 1383 in
1216 1347 1478 1384 contubernio

79 1415 122 1444 10
138 1404 338 1454 legionum
358 1405 535 1453 eductus,
555 1419 672 1456 quem
693 1408 858 1446 militari
878 1409 1069 1446 vocabulo
1097 1409 1322 1458 Caligulam
1341 1408 1476 1459 appel-

136 1466 290 1512 labant,
329 1467 422 1516 quia
459 1467 694 1518 plerumque
731 1470 783 1507 ad
828 1470 1076 1507 concilianda
1112 1470 1223 1520 vulgi
1258 1470 1393 1508 studia
1430 1481 1477 1507 eo

136 1529 312 1578 tegmine
340 1530 484 1579 pedum
511 1530 764 1569 induebatur.
823 1532 899 1570 Sed
925 1532 1026 1569 nihil
1058 1544 1182 1582 aeque
1215 1532 1327 1569 flexit
1353 1544 1476 1588 quam

135 1590 318 1627 invidia'
307 1604 350 1628 111
369 1591 584 1631 Treveros:
613 1596 733 1630 orant
761 1594 972 1641 obsistunt,
993 1594 1140 1632 rediret
1169 1598 1360 1642 maneret,
1381 1607 1475 1644 pars

136 1651 383 1702 Agrippinae
413 1658 676 1702 occursantes,
708 1655 871 1704 plurimi
901 1655 952 1693 ad
980 1655 1263 1693 Germanicum
1292 1655 1471 1706 regressi.

76 1720 116 1758 15
137 1715 258 1764 Isque
288 1717 334 1752 ut
363 1719 452 1752 erat
485 1728 620 1754 recens
650 1716 782 1754 dolore
813 1720 855 1755 et
884 1718 957 1764 ira,
988 1717 1096 1767 apud
1128 1715 1386 1755 circumfusos
1415 1717 1474 1754 ita

136 1776 276 1826 coepit.

189 1897 328 1934 XLII.
374 1899 396 1917 “
410 1896 503 1934 Non
536 1897 636 1934 mihi
669 1911 770 1935 uxor
801 1901 874 1935 aut
900 1897 1005 1935 filius
1032 1901 1148 1947 patre
1175 1900 1218 1935 et
1244 1909 1288 1935 re
1314 1897 1474 1948 publica

135 1960 305 1996 cariores
341 1962 448 2006 sunt,
487 1959 553 1996 sed
582 1958 696 1996 illum
733 1959 892 2009 quidem
924 1972 997 1996 sua
1029 1959 1228 2007 maiestas,
1264 1959 1474 2009 imperium

135 2021 363 2058 Romanum
383 2020 504 2057 ceteri
523 2021 718 2058 exercitus
737 2020 963 2058 defendent.
1022 2020 1240 2070 Coniugem
1263 2023 1305 2058 et
1330 2020 1474 2058 liberos

134 2094 251 2129 meos,
282 2094 380 2131 quos
412 2094 484 2131 pro
516 2081 643 2131 gloria
673 2086 808 2119 vestra
838 2082 966 2119 libens
995 2081 1045 2119 ad
1076 2081 1244 2119 exitium
1276 2082 1472 2129 offerrem,

94 2153 114 2190 5
134 2156 241 2180 nune
277 2143 412 2193 procul
450 2156 474 2180 a
512 2143 738 2181 furentibus
781 2156 1018 2190 summoveo,
1057 2146 1104 2181 ut
1140 2143 1330 2194 quidquid
1366 2143 1472 2180 istud

133 2205 289 2242 sceleris
315 2204 497 2252 inminet,
518 2217 605 2242 meo
632 2209 795 2242 tantum
824 2205 1019 2255 sanguine
1046 2205 1190 2255 pietur,
1210 2218 1310 2243 neve
1328 2206 1473 2243 occisus

133 2267 312 2316 Augusti
339 2263 543 2317 pronepos,
566 2266 783 2304 interfecta
811 2267 960 2304 Tiberii
988 2279 1114 2304 nurus
1140 2267 1386 2304 nocentiores
1403 2279 1472 2304 vos

135 2328 267 2368 faciat.
324 2329 430 2376 Quid
459 2328 565 2365 enim
595 2341 665 2380 per
697 2329 767 2366 hos
797 2329 878 2389 dies
914 2317 1098 2366 inausffffi
1136 2329 1471 2368 intemeratumve
