1664 2540
510 216 616 242 noox
644 216 687 252 1.‚
715 215 854 242 anPs.
886 204 948 250 28,
980 203 1042 240 29.
1397 201 1444 237 17

165 367 381 405 XXVIII.
407 366 575 404 Noctem
594 365 789 403 minacem
817 369 859 403 et
886 365 929 402 in
956 364 1082 402 scelus
1106 367 1346 414 erupturam
1365 361 1447 400 fors
1475 373 1502 390 ¹·

113 429 277 468 lenivit:
320 441 416 466 nam
450 428 550 465 luna
586 428 693 466 claro
728 431 892 478 repente
928 427 1034 464 03010
1066 427 1149 464 visa
1181 426 1447 494 languescere.

84 517 89 520 -
114 490 166 528 Id
196 491 309 529 miles
338 490 505 528 rationis
532 491 697 540 ignarus
727 503 843 527 omen
872 490 1142 540 praesentium
1175 488 1338 538 accepit,
1367 487 1450 525 suis
1492 488 1519 530 J

114 552 317 590 laboribus
329 551 588 590 defectionem
602 552 740 590 sideris
753 551 1006 599 adsimulans,
1020 563 1280 601 prospereque
1294 561 1450 587 cessura

55 633 65 658 v·
116 627 218 665 quae
234 617 438 664 pararent,
452 614 484 651 si
502 613 635 664 fulgor
652 618 694 651 et
712 613 908 655 claritudo
922 614 1016 651 deae
1030 611 1272 655 redderetur.
1317 612 1451 662 Igitur
1492 622 1513 657 5

117 677 220 714 aeris
243 689 351 723 sono,
375 676 565 714 tubarum
586 689 857 726 cornuumque
881 680 1071 714 concentu
1095 675 1294 725 strepere3
1331 678 1451 725 prout

117 736 357 789 splendidior
384 738 644 785 obscuriorve,
673 737 818 775 laetari
849 742 921 775 aut
952 750 1138 781 maerere,
1168 741 1209 775 et
1240 741 1451 792 postquam

119 804 230 838 ortae
261 800 386 838 nubes
411 800 573 837 offecere
600 800 703 837 visui
727 800 999 849 creditumque
1030 789 1231 837 conditam
1265 797 1451 844 tenebris,
1515 801 1519 803 ’

90 864 94 868 ’
120 866 169 900 ut
185 865 281 900 sunt
304 861 466 899 mobiles
493 861 544 898 ad
571 861 891 911 superstitionem
909 861 1112 911 perculsae
1139 860 1260 898 semel
1287 863 1453 905 mentes,

121 923 195 962 sibi
214 926 422 961 aeternum
446 923 623 960 laborem
641 923 847 984 portendiq
856 936 928 960 sua
956 923 1132 960 facinora
1161 922 1338 959 aversari
1364 921 1455 958 deos
1477 936 1519 961 10

122 985 411 1023 lamentantur.
466 985 675 1022 Utendum
712 985 971 1022 inclinatione
1006 998 1054 1022 ea
1091 985 1239 1022 Caesar
1275 988 1316 1020 et
1354 995 1455 1033 quae

122 1047 237 1084 casus
254 1046 456 1084 obtulerat
482 1046 526 1083 in
554 1046 791 1095 sapientiam
812 1046 1002 1083 vertenda
1020 1050 1133 1083 ratus
1151 1045 1352 1082 circumiri
1370 1048 1456 1082 ten-

123 1109 229 1146 toria
246 1108 378 1155 iubet;
409 1108 559 1145 accitur
577 1108 757 1145 centurio
776 1108 957 1145 Clemens
975 1111 1016 1145 et
1030 1108 1067 1156 §i
1086 1108 1155 1144 alii
1172 1108 1286 1144 bonis
1302 1107 1457 1144 artibus

125 1170 233 1221 grati
249 1169 293 1206 in
310 1169 464 1219 vulgus.
523 1170 581 1206 Hi
601 1169 755 1218 vigiliis,
775 1169 1025 1215 stationibus,
1045 1169 1230 1206 custodiis
1249 1173 1457 1218 portarum

126 1231 379 1277 seinserunt,
398 1243 507 1280 spem
535 1231 720 1277 offerunt,
740 1234 892 1268 metum
919 1231 1148 1269 intendunt.
1206 1235 1230 1251 “
1244 1231 1458 1280 Quousque
1480 1239 1520 1275 15

126 1293 254 1331 filium
284 1293 535 1342 imperatoris
565 1292 852 1330 obsidebimus?
906 1293 1003 1338 Quis
1038 1294 1303 1331 certaminum
1340 1293 1458 1330 finis?

128 1354 396 1393 Percennione
441 1358 482 1391 et
519 1354 719 1391 Vibuleno
763 1358 1058 1392 sacramentum
1104 1354 1251 1392 dicturi
1294 1355 1458 1392 sumus?

130 1415 374 1454 Percennius
391 1419 432 1452 et
450 1415 676 1452 Vibulenus
703 1415 900 1464 stipendia
928 1416 1133 1463 militibus,
1153 1429 1269 1466 agros
1286 1416 1462 1454 emeritis

130 1477 380 1527 largientur?
435 1477 618 1526 Denique
648 1490 720 1527 pro
751 1477 979 1515 Neronibus
1011 1482 1053 1515 et
1081 1479 1223 1515 Drusis
1250 1478 1462 1528 imperium

130 1539 266 1590 populi
301 1539 474 1576 Romani
508 1541 738 1589 capessent?
794 1535 900 1585 Quin
932 1540 1076 1589 potius,
1106 1545 1154 1578 ut
1186 1540 1388 1578 novissimi
1418 1540 1463 1577 in
1480 1551 1525 1576 20

132 1601 302 1650 0111113111,
334 1601 394 1638 ita
422 1600 541 1650 primi
577 1601 629 1638 ad
656 1601 947 1651 paenitentiam
983 1604 1145 1640 sumus?
1199 1602 1330 1640 Tarda
1367 1605 1463 1639 sunt

133 1674 235 1712 quae
257 1662 301 1699 in
325 1675 532 1700 commune
550 1662 856 1730 expostulentur
872 1676 880 1700 :
914 1664 1114 1712 privatam
1132 1665 1303 1714 gratiam
1322 1665 1464 1700 statim

134 1736 322 1770 mereare,
354 1723 494 1761 statim
526 1723 724 1785 ι·00111130.”
778 1724 993 1762 Commotis
1028 1738 1100 1775 per
1130 1725 1227 1763 haec
1264 1725 1465 1763 mentibus

135 1788 177 1823 et
202 1785 310 1822 inter
326 1797 367 1822 se
385 1785 584 1834 suspectiS,
605 1775 774 1822 tironem
793 1798 818 1822 3
835 1790 1037 1833 veterano,
1055 1787 1250 1836 legionem
1269 1800 1292 1823 a
1311 1787 1465 1837 legione

136 1845 358 1883 dissociant.
412 1845 513 1882 Tum
532 1845 661 1883 redire
678 1830 883 1895 paulatim
910 1859 1022 1884 amor
1039 1847 1237 1898 obsequii3
1269 1848 1466 1885 omittunt
1483 1857 1525 1893 25

136 1910 284 1958 portas,
302 1907 417 1957 signa
430 1920 556 1944 unum
575 1908 619 1944 in
635 1908 762 1946 locum
780 1910 970 1959 principio
997 1910 1201 1947 seditionis
1226 1912 1467 1960 congregata

137 1980 230 2005 suas
246 1967 290 2005 in
307 1967 416 2006 sedes
433 1968 626 2006 referunt.

192 2081 357 2120 XXIX.
387 2047 542 2119 Drusus
564 2086 651 2119 orto
678 2083 741 2120 die
769 2087 810 2120 et
838 2088 976 2121 vocata
1003 2085 1195 2131 contione,
1223 2097 1467 2134 quamquam

139 2142 250 2185 rudis
284 2143 458 2191 dicendi‚'
486 2143 696 2182 nobilitate
732 2144 913 2195 ingenita
948 2146 1106 2183 incusat
1141 2147 1286 2195 priora,
1324 2146 1468 2195 probat

140 2195 366 2255 praesffntia
378 2218 390 2252 ;
431 2209 554 2255 negat
591 2217 631 2243 se
667 2209 817 2243 terrore
854 2210 895 2243 et
931 2207 1049 2244 minis
1085 2208 1215 2245 vinci:
1262 2209 1382 2245 flexos
1418 2207 1469 2244 ad

142 2265 375 2304 modestiam
400 2267 435 2303 si
461 2266 607 2314 videat,
634 2267 668 2304 si
693 2268 886 2317 supplices
912 2269 1064 2315 audiat,
1093 2270 1335 2319 scripturum
1362 2269 1470 2320 patri

141 2329 191 2365 ut
212 2326 393 2377 placatus
417 2327 618 2378 legionum
644 2341 778 2378 preces
804 2330 1009 2380 exciperet.
1066 2331 1286 2368 Orantibus
1310 2343 1468 2368 rursum
1511 2349 1531 2384 5

142 2387 247 2426 idem
282 2387 445 2443 Blaesus
481 2391 522 2427 et
558 2389 604 2427 L.
635 2389 848 2440 Apronius,
876 2403 995 2441 eques
1026 2391 1233 2430 Romanus
1263 2405 1286 2430 0
1302 2378 1471 2430 'cohorte

214 2456 278 2483 rae.
292 2456 327 2483 A.
341 2457 366 2482 ι.
1287 2454 1309 2490 3
