1664 2540
171 183 219 220 14
649 197 828 235 merrus,
856 198 1024 225 ANNALS.

127 308 146 344 5
167 290 316 339 optimo
344 303 500 340 quoque
527 291 839 340 manipularium
872 292 1102 340 parebatur.
1161 292 1230 330 Illi
1262 292 1391 331 obniti
1426 295 1509 331 tra-

166 351 366 400 hentibus,
414 364 600 403 prensare
645 352 989 403 circumstantium
1045 366 1189 403 genua,
1235 354 1338 391 ciere
1392 353 1508 391 modo

166 414 328 451 nomina
357 414 616 464 singulorum,
646 414 762 452 modo
793 414 1015 452 centuriam
1049 415 1215 465 quisque
1241 415 1354 453 cuius
1380 415 1507 453 mani-

165 475 318 525 pularis
344 479 443 523 erat,
463 475 678 523 cohortem,
697 476 904 525 legionem,
935 476 1073 514 eadem
1101 477 1285 515 omnibus
1310 477 1506 514 inminere

165 537 427 575 clamitantes.
485 538 611 575 Simul
642 538 790 587 probra
822 538 865 575 in
893 538 1072 588 legatum
1100 539 1322 585 cumulant,
1351 539 1506 577 caelum

54 592 109 630 V
105 616 148 642 10
165 612 211 636 ac
229 599 320 637 deos
338 600 606 646 obtestantur,
621 599 723 646 nihil
741 600 883 650 reliqui
903 599 1059 637 faciunt
1073 614 1152 650 quo
1166 602 1299 639 minus
1312 601 1506 639 invidiam

164 660 471 706 misericordiam
500 665 652 699 metum
680 665 722 699 et
742 662 824 699 iras
843 666 1132 712 permoverent.
1187 663 1435 701 Adcurritur
1452 663 1506 700 ab

165 723 358 761 universis
386 729 427 761 et
453 736 610 761 carcere
637 723 800 761 effracto
828 724 989 761 solvunt
1017 724 1177 762 vincula
1209 725 1506 775 desertoresque

165 798 211 823 ac
239 798 374 823 rerum
401 785 634 835 capitalium
662 785 875 823 damnatos
902 786 978 823 sibi
1004 788 1086 824 iam
1115 786 1293 825 miscent.

217 909 365 947 XXII.
397 907 652 959 Flagrantior
679 909 773 946 inde
801 909 873 956 vis,
902 909 1036 958 plures
1063 909 1246 947 seditioni
1264 910 1392 948 duces.
1449 910 1505 948 Et

164 971 391 1008 Vibulenus
422 970 586 1021 quidam
623 971 832 1021 gregarius
869 971 991 1018 miles,
1024 975 1119 1010 ante
1157 972 1337 1010 tribunal
1374 972 1504 1010 Blaesi

164 1032 361 1070 allevatus
398 1033 746 1069 circumstantium
785 1032 942 1080 umeris,
976 1033 1084 1083 apud
1122 1034 1306 1072 turbatos
1334 1037 1376 1072 et
1407 1034 1502 1084 quid

163 1098 328 1144 pararet
356 1093 579 1131 intentos“
594 1107 662 1131 vos
681 1093 873 1143 quidem''
892 1095 1057 1144 inquit‘
1063 1095 1148 1133 ‘his
1165 1095 1445 1134 innocentibus
1461 1099 1503 1134 et

124 1165 143 1200 5
164 1156 394 1193 miserrimis
423 1155 551 1192 lucem
584 1158 626 1193 et
658 1155 843 1205 spiritum
877 1156 1127 1204 reddidistis;
1169 1157 1236 1199 sed
1263 1158 1352 1227 quis
1378 1157 1503 1195 fratri

164 1230 250 1255 meo
282 1217 421 1265 vitam,
452 1218 541 1267 quis
572 1217 743 1255 fratrem
773 1217 871 1255 mihi
896 1218 1053 1256 reddit?
1109 1219 1235 1264 Quem
1260 1219 1425 1258 missum
1451 1219 1503 1258 ad

164 1292 232 1317 vos
258 1293 282 1316 a
310 1279 545 1317 Germanico
573 1279 751 1318 exercitu
779 1280 827 1316 de
854 1280 1129 1318 communibus
1156 1281 1367 1319 commodis
1387 1284 1502 1319 nocte

162 1341 342 1391 proxima
373 1341 573 1391 iugulavit
610 1353 681 1391 per
713 1341 952 1391 gladiatores
988 1354 1089 1387 suos,
1121 1354 1218 1391 quos
1253 1344 1297 1380 in
1333 1341 1501 1380 exitium

162 1404 334 1440 militum
355 1403 475 1440 habet
494 1406 617 1453 atque
631 1407 774 1441 armat.
833 1403 1053 1453 Responde,
1075 1403 1226 1452 Blaese,
1246 1404 1315 1442 ubi
1333 1404 1501 1442 cadaver
1547 1446 1552 1450 ,

102 1478 144 1503 ιο
162 1465 380 1513 abieceris3
426 1478 478 1503 ne
514 1465 647 1502 hostes
684 1465 843 1515 quidem
889 1465 1095 1514 sepultura
1139 1466 1331 1504 invident.
1398 1467 1500 1505 Cum

160 1526 312 1574 osculis,
332 1540 423 1564 cum
451 1526 625 1564 lacrimis
653 1526 824 1564 dolorem
852 1538 984 1563 meum
1012 1526 1238 1577 implevero,
1256 1540 1320 1566 me
1343 1539 1500 1578 quoque

161 1588 354 1633 trucidari
380 1588 484 1635 iube,
506 1588 600 1625 dum
628 1587 860 1625 interfectos
886 1587 1044 1624 nullum
1072 1589 1122 1625 ob
1151 1588 1289 1636 scelus,
1307 1589 1377 1627 sed
1403 1587 1499 1640 qu'ia

161 1650 332 1688 utilitati
351 1649 559 1700 legionum*
570 1649 884 1696 consulebamus,
904 1649 947 1686 hi
966 1649 1196 1699 sepeliant.''

212 1764 383 1805 XXIII.
413 1766 660 1804 Incendebat
679 1766 780 1804 haec
795 1762 893 1803 fletu
912 1769 953 1803 et
965 1768 1103 1816 pectus
1116 1769 1238 1816 atque
1251 1779 1295 1804 os
1312 1766 1498 1806 manibus

159 1829 384 1866 verberans.
442 1828 541 1865 Mox
559 1828 730 1865 disiectis
748 1840 919 1877 quorum
938 1840 1008 1877 per
1026 1840 1182 1865 umeros
1209 1828 1496 1876 sustinebatun

158 1903 344 1940 praeceps
371 1894 411 1927 et
439 1890 686 1940 singulorum
714 1890 878 1940 pedibus
906 1889 1120 1930 advolutus
1145 1893 1308 1928 tantum
1326 1892 1497 1928 cbnster·
1536 1886 1537 1889 ¹

159 1951 335 1990 nationis
362 1951 613 2001 invidiaeque
641 1950 823 1998 concivit,
857 1955 905 1994 ut
926 1964 1025 2006 'pars
1052 1951 1228 1999 militum
1256 1951 1496 2002 gladiatores

118 2016 138 2051 5
157 2014 226 2064 qui
254 2026 275 2051 e
302 2013 464 2051 servitio
493 2013 625 2050 Blaesi
650 2016 781 2060 erant,
801 2025 895 2062 pars
914 2016 1087 2050 ceteram
1106 2013 1279 2051 eiusdem
1298 2013 1495 2051 familiam
1542 2056 1550 2067 '

158 2075 367 2121 vincirent,
388 2075 457 2111 alii
476 2074 527 2112 ad
546 2074 818 2124 quaerendum
846 2087 987 2124 corpus
1005 2074 1315 2112 effunderentur.
1349 2067 1509 2128 Acin?

158 2149 321 2186 propere
359 2149 486 2186 neque
522 2149 663 2186 eorpus
699 2135 826 2172 ullum
865 2136 1030 2185 reperiri
1066 2139 1108 2172 et
1139 2149 1273 2173 servos
1303 2131 1495 2235 adhib&
1544 2171 1548 2175 .

157 2199 398 2236 cruciatibus
443 2198 619 2234 abnuere
665 2197 822 2234 caedem
869 2209 998 2246 neque
1043 2197 1101 2245 illi
1137 2197 1272 2234 fuisse·
1300 2209 1424 2246 umqu

158 2261 326 2298 fratrem
345 2259 621 2309 pernotuisset‚
642 2258 750 2296 haud
770 2258 943 2295 multum
963 2259 1015 2295 ab
1033 2258 1154 2296 exitio
1172 2258 1296 2309 legati
1314 2259 1491 2305 aberant.
1508 2256 1552 2301 1¹ss

98 2329 139 2353 ¹0
157 2323 352 2359 Tribunos
369 2325 506 2359 tamen
520 2334 565 2358 ac
579 2320 823 2370 praefectum
842 2324 1065 2358 castrorum
1079 2324 1295 2367 extrusere,
1314 2319 1494 2358 sarcinae

157 2383 397 2435 fugientium
432 2382 620 2431 direptae,
654 2384 696 2419 et
727 2381 907 2418 centurio
938 2381 1114 2419 Lucilius
1144 2380 1399 2428 interficitur,
1428 2381 1493 2419 eui
