1664 2540
536 189 644 218 Boon
671 191 713 227 1.,
741 188 881 217 cmrs.
911 177 975 224 35,
1005 175 1067 213 36.
1414 172 1463 211 21
1527 195 1532 199 -

133 286 357 326 Galliarum
374 283 492 340 fidem
509 282 688 330 extollit3
715 281 773 319 nil
790 293 961 330 usquam
985 278 1192 316 turbidum
1217 280 1291 315 aut
1309 276 1464 315 discors

135 347 302 388 Silentio
318 347 416 385 haee
433 346 496 383 vel
514 356 719 383 murmure
735 342 887 381 modico
904 341 1046 380 audita
1063 344 1169 379 sunt,

141 460 145 463 ’
185 474 369 514 XXXV.
397 473 459 511 Ut
488 472 720 510 seditionem
756 471 910 521 attigit,
943 471 1013 508 ubi
1044 470 1236 508 modestia
1267 469 1467 517 militaris,

133 537 202 575 ubi
228 536 376 574 veteris
406 534 635 584 disciplinae
670 533 800 580 decus,
833 545 1008 585 quonam
1041 532 1237 579 tribunos,
1270 543 1349 581 quo
1379 543 1467 569 cen-

56 637 59 639 ,
133 599 311 640 tul-iones
354 597 586 647 exegissent,
632 595 824 646 rogitans,
869 595 1028 632 nudant
1071 593 1248 631 universi
1288 606 1466 643 corpora,

131 661 331 699 cicatrices
357 671 407 697 ex
432 659 675 705 vulneribus,
699 657 910 697 verberum
938 660 1054 696 notas
1080 656 1325 706 exprobrant
1336 669 1348 703 3
1375 668 1467 693 mox

131 721 352 760 indiscretis
378 720 539 758 vocibus
564 720 694 770 pretia
725 719 996 766 vacationum,
1029 717 1239 768 angustias
1267 717 1467 768 stipendii,
1509 722 1528 756 5

131 783 321 822 duritiam
355 795 520 832 operum
555 794 603 818 ac
637 781 807 831 propriis
834 780 1061 818 nominibus
1090 780 1277 818 incusant
1304 779 1466 827 vallum,

130 845 265 892 fossas,
294 843 432 894 pabuli
463 843 656 880 materiae
687 842 887 892 lignorum
918 841 1119 891 adgoetus,
1149 845 1191 879 et
1219 841 1254 879 si
1280 854 1362 891 qua
1387 841 1467 878 alia

131 919 182 944 ex
211 905 446 944 necessitate
472 909 546 943 aut
576 904 767 942 adversus
796 904 924 942 otium
953 907 1173 943 castrorum
1201 907 1466 953 quaeruntur.

130 966 415 1005 Atrocissimus
432 954 715 1004 veteranorum·
730 966 881 1003 clamor
897 966 1115 1015 oriebatur,
1134 966 1205 1016 qui
1222 965 1375 1002 tricena
1394 968 1468 1003 aut

132 1040 255 1079 supra
279 1027 477 1078 stipendia
503 1031 774 1073 numerantes,
801 1027 1026 1065 mederetur
1054 1026 1165 1064 fessis
1192 1039 1271 1064 neu
1298 1030 1467 1063 mortem
1489 1034 1531 1058 10

132 1090 178 1127 in
202 1089 326 1127 isdem
351 1088 562 1136 laboribus,
582 1088 650 1125 sed
667 1088 787 1125 finem
814 1092 901 1125 tam
925 1087 1121 1125 exercitae
1146 1087 1315 1125 militiae
1338 1099 1468 1137 neque

133 1151 303 1203 inopem
317 1150 505 1215 requiem
517 1150 698 1187 orabant.
709 1150 878 1205 [Fuere
902 1150 1023 1187 etiam
1041 1149 1112 1199 qui
1138 1149 1314 1199 legatam
1332 1162 1358 1186 a
1376 1149 1467 1187 divo

133 1213 320 1264 Augusto
357 1206 570 1263 pecuniam
611 1216 874 1261 reposcerent,
911 1211 1055 1249 faustis
1099 1212 1143 1249 in
1185 1211 1466 1249 Germanicum

132 1274 355 1322 ominibus;
400 1278 442 1312 et
476 1274 511 1311 si
546 1273 667 1311 vellet
702 1273 912 1324 imperium
953 1277 1157 1324 promptos
1201 1276 1464 1311 ostentavere.

132 1336 235 1373 Tum
252 1348 357 1383 vero,
376 1335 490 1386 quasi
517 1334 659 1372 scelere
684 1335 1041 1382 contaminaretur,
1065 1347 1251 1385 praeceps
1271 1335 1466 1372 tribunali
1487 1343 1528 1377 15

132 1397 303 1435 deffluit.
358 1397 638 1447 Opposuerunt
661 1397 828 1434 abeunti
851 1410 979 1443 arma,
1005 1396 1250 1444 minitantes,
1269 1397 1314 1434 ni
1337 1405 1466 1446 regre-

133 1459 294 1497 deretur
305 1472 317 1506 ;
362 1462 406 1496 at
442 1459 509 1496 ille
544 1460 782 1496 moriturum
819 1459 953 1508 potius
989 1471 1111 1509 quam
1148 1458 1266 1495 fidem
1302 1463 1466 1496 exueret

132 1520 355 1566 clamitans,
374 1519 525 1556 ferrum
551 1533 576 1557 a
602 1520 725 1557 latere
750 1519 916 1569 diripuit
942 1520 1172 1569 elatumque
1193 1518 1395 1556 deferebat
1422 1519 1465 1556 in

132 1585 282 1632 pectus,
301 1581 344 1618 ni
370 1581 540 1630 proximi
566 1593 749 1631 prensam
777 1581 960 1618 dextram
987 1581 1028 1618 vi
1055 1580 1327 1618 attinuissent.
1383 1581 1464 1617 Ex-

132 1648 263 1682 trema
281 1645 324 1680 et
347 1642 583 1692 conglobata
606 1643 714 1680 inter
731 1655 773 1680 se
797 1655 889 1692 pars
906 1643 1100 1680 contionis
1117 1656 1176 1689 ac,
1195 1644 1264 1679 vix
1282 1642 1465 1693 credibile
1484 1652 1529 1677 20

132 1705 253 1752 dictu,
281 1704 443 1754 quidam
469 1704 616 1754 singuli
642 1704 804 1754 propius
828 1704 1064 1750 incedentes,
1090 1703 1231 1741 feriret
1253 1704 1465 1742 hortaban-

131 1770 225 1814 tur3
251 1769 294 1803 et
319 1766 431 1803 miles
457 1766 616 1803 nomine
643 1766 866 1804 Calusidius
892 1766 1076 1803 strictum
1100 1765 1248 1803 obtulit
1271 1761 1464 1816 gladium,

132 1827 269 1864 addito
303 1826 523 1864 acutiorem
558 1839 651 1865 esse.
708 1827 880 1864 Saevum
916 1827 957 1864 id
992 1827 1166 1877 malique
1193 1827 1314 1864 moris
1340 1827 1463 1864 etiam

132 1887 360 1926 furentibus
379 1887 520 1939 visum,
539 1900 587 1924 ac
610 1888 786 1937 spatium
811 1887 891 1925 fuit
909 1900 987 1938 quo
1006 1888 1153 1925 Caoear
1177 1888 1230 1925 ab
1256 1887 1393 1925 amicis
1419 1888 1463 1925 in

131 1948 440 1987 tabernaculum
455 1953 676 1998 raperetur.
721 1945 730 1954 ’
1070 1942 1098 1960 *

185 2060 392 2099 XXXVI.
421 2055 701 2098 Consultatum
737 2061 793 2098 ibi
829 2061 878 2098 de
895 2061 1066 2099 remedio
1077 2075 1089 2109 3
1125 2061 1274 2099 etenim
1300 2062 1462 2099 nuntia—

131 2122 254 2160 batur
279 2122 415 2172 parari
437 2122 589 2172 legatos
615 2123 684 2172 qui
710 2122 950 2172 superiorem
977 2123 1195 2160 exercitum
1221 2124 1273 2160 ad
1299 2135 1459 2160 causam

131 2182 296 2220 candem
321 2183 551 2222 traherent:
578 2183 824 2220 destinatum
856 2183 1005 2221 excidio
1032 2184 1230 2222 Ubiorum
1257 2184 1458 2234 oppidum,

131 2245 383 2295 imbutasque
408 2244 556 2294 praeda
583 2257 728 2283 manus
750 2246 795 2282 in
818 2245 1079 2295 direptionem
1098 2246 1322 2283 Galliarum
1347 2259 1461 2296 erup-

131 2309 255 2343 turas,
309 2305 496 2355 Augebat
526 2309 679 2343 metum
709 2318 858 2355 gnarus
885 2306 1091 2343 Romanae
1116 2307 1320 2344 seditionis
1345 2310 1399 2354 et,
1427 2307 1461 2344 51
1502 2313 1522 2348 5

132 2365 386 2405 omitteretur
414 2367 513 2417 ripa,
544 2366 754 2405 invasurus
791 2367 937 2405 hostis·
974 2371 1019 2404 at
1050 2367 1084 2405 si
1115 2368 1265 2405 auxilia
1296 2371 1338 2406 et
1368 2368 1461 2406 socii
