1664 2540
587 201 694 228 soon
722 201 765 236 1.,
793 200 913 228 σΗΑΡ.
943 190 1006 227 65.
1408 188 1458 226 37

124 295 304 342 advorsa,
322 294 431 332 locus
447 293 597 343 uligine
624 292 836 343 profunda,
855 291 959 329 idem
985 291 1035 329 ad
1057 292 1229 342 gradum
1249 291 1459 337 instabilis,

122 355 424 406 procedentibus
439 355 627 402 lubricus,
646 366 811 403 corpora
829 353 971 403 gravia
990 352 1144 400 loricis3
1165 364 1293 402 neque
1311 351 1460 388 librare
1502 364 1522 399 5

121 419 205 470 pila
235 418 344 456 inter
374 418 505 456 undas
533 420 734 468 poterant.
790 417 942 454 Contra
973 415 1184 453 Cheruscis
1211 418 1326 452 sueta
1353 414 1461 465 apud

125 483 290 534 paludes
306 483 468 533 proelia,
484 495 646 533 procem
665 481 857 528 membra,
872 481 1014 518 hastae
1027 480 1210 530 ingentes
1223 479 1276 517 ad
1294 479 1462 516 vulnera

126 544 311 583 facienda
345 544 528 595 quamvis
569 543 718 594 procul.
783 543 877 580 Nox
911 541 1072 579 demum
1110 541 1345 578 inclinantis
1380 541 1462 577 iam

56 642 59 643 γ
126 606 299 657 legiones
333 607 524 645 adversae
559 618 719 656 pugnae
750 605 908 643 exemit.
965 603 1159 642 Germani
1191 603 1242 640 ob
1274 615 1463 652 prospera

127 668 324 716 indefessi,
343 681 394 706 ne
412 673 499 706 tum
519 667 679 719 quidem
702 671 864 717 sumpta
882 668 1028 717 quiete,
1047 669 1245 716 quantum
1265 678 1463 715 aquarum
1486 677 1528 702 10

128 730 278 768 circum
307 730 562 780 surgentibus
591 729 695 780 iugis
725 728 856 766 oritur
886 732 1043 765 vertere
1069 728 1112 764 in
1140 727 1330 773 subiecta,
1363 738 1465 763 mer-

127 803 251 842 saque
268 791 390 828 humo
407 794 449 828 et
460 788 610 829 'obruto
628 790 732 841 quod
750 790 934 827 effectum
947 789 1076 838 operis
1094 788 1322 838 duplicatus
1342 787 1465 826 militi

127 853 253 891 labor.
299 852 686 903 Quadragensimum
703 852 743 889 id
762 851 1003 901 stipendium
1017 850 1187 888 Caecina
1206 849 1372 899 parendi
1390 853 1465 886 aut

126 914 385 964 imperitandi
421 914 609 960 habebat,
642 913 904 951 secundarum
940 912 1297 962 ambiguarumque
1330 923 1465 948 rerum

126 975 253 1013 sciens
286 988 410 1025 eoque
434 975 657 1012 interritus.
714 975 849 1024 Igitur
885 973 1027 1010 futura
1054 973 1217 1011 volvens
1245 985 1325 1010 non
1353 972 1464 1009 aliud
1487 985 1526 1021 ¹5

128 1036 306 1087 repperit
341 1050 462 1087 quam
498 1040 547 1074 ut
586 1036 742 1074 hostem
777 1035 887 1073 silw's
929 1038 1136 1082 coerceret,
1174 1035 1296 1071 donec
1339 1034 1466 1071 saucii

129 1101 406 1148 quantumque
450 1098 643 1148 gravioris
688 1098 860 1147 agminis
909 1097 1113 1134 anteirent
1132 1110 1143 1143 3
1190 1109 1287 1133 nam
1336 1096 1466 1133 medio

130 1159 328 1197 montium
353 1163 396 1197 et
419 1159 611 1209 paludum
638 1159 917 1209 porrigebatur
944 1158 1143 1207 planities
1174 1171 1278 1207 quae
1303 1162 1466 1195 tenuem

131 1221 256 1259 aciem
275 1225 494 1272 pateretur.
550 1221 795 1270 Deliguntur
812 1220 984 1270 legiones
1009 1221 1151 1270 quinta
1176 1220 1316 1257 dextro
1334 1219 1466 1265 lateri,

131 1282 445 1320 unetvicensima
480 1282 523 1319 in
557 1283 729 1328 laevum,
762 1281 937 1332 primani
968 1281 1191 1319 ducendum
1229 1282 1283 1318 ad
1309 1294 1465 1332 agmen,
1485 1294 1531 1319 20

131 1344 423 1383 vicensimanus
449 1345 660 1382 adversum
686 1348 900 1382 secuturos.

187 1509 318 1547 LXV.
347 1510 440 1548 Nox
457 1523 528 1560 per
546 1510 699 1548 diversa
717 1511 882 1560 inquies,
901 1524 991 1548 cum
1014 1510 1178 1547 barba-ri
1196 1511 1308 1548 festis
1326 1510 1464 1560 epulis,

134 1570 242 1609 laeto
259 1575 382 1608 cantu
400 1575 474 1609 aut
491 1572 596 1609 truci
623 1585 761 1610 sonore
779 1572 957 1609 subiecta
975 1572 1142 1609 vallium
1160 1585 1207 1608 ae
1235 1572 1467 1609 resultantis

133 1631 262 1669 saltus
277 1632 532 1682 complerent,
551 1633 657 1682 apud
677 1633 878 1670 Romanos
896 1633 1060 1670 invalidi
1079 1633 1201 1682 ignes,
1216 1634 1467 1683 interruptae

134 1705 259 1740 voces,
286 1698 408 1743 atque
437 1693 515 1744 ipsi
542 1695 689 1744 passim
718 1694 945 1732 adiacerent
972 1695 1088 1740 vallo,
1117 1695 1350 1732 oberrarent
1379 1699 1466 1731 ten-

133 1754 260 1802 toriis,
279 1754 476 1793 insomnes
503 1755 630 1805 magis
647 1768 770 1805 quam
795 1756 1014 1806 pervigiles.
1071 1757 1301 1806 Ducemque
1318 1757 1467 1793 terruit
1509 1771 1529 1806 5

135 1816 222 1853 dira
250 1816 383 1866 quies:
422 1829 516 1854 nam
549 1817 791 1862 Quintilium
817 1818 975 1855 Varum
1007 1819 1199 1868 sanguine
1230 1818 1399 1855 oblitum
1426 1825 1468 1855 et

135 1877 346 1927 paludibus
355 1890 552 1915 emersum
562 1891 723 1915 cernere
736 1883 778 1916 et
789 1879 926 1916 audire
939 1880 1046 1916 visus
1057 1883 1118 1916 est
1128 1879 1239 1916 velut
1251 1884 1467 1925 vocantem,

137 1950 218 1975 non
252 1941 391 1975 tamen
426 1938 637 1976 obsecutus
672 1943 714 1976 et
750 1952 894 1978 manus
929 1940 1203 1977 intendentem
1239 1941 1467 1991 reppulisse.

138 1999 289 2049 Coepta
305 1999 392 2036 luce
410 2000 552 2037 missae
569 1999 613 2036 in
636 2000 766 2037 latera
785 2001 964 2050 legiones,
985 2006 1097 2038 metu
1124 2015 1178 2038 an
1205 2003 1467 2047 contumacia,

137 2059 267 2098 locum
312 2061 529 2108 deoeruere,
566 2065 683 2111 capto
726 2075 892 2112 propere
937 2076 1076 2112 campo
1122 2064 1301 2101 umentia
1346 2063 1466 2100 ultra.
1491 2083 1533 2108 10

137 2121 282 2172 Neque
312 2126 448 2160 tamen
475 2122 685 2160 Arminius
714 2136 956 2173 quamquam
985 2124 1108 2161 libero
1139 2125 1301 2162 incursu
1330 2125 1469 2161 statim

138 2182 343 2233 prorupit:
393 2183 460 2220 sed
496 2187 544 2220 ut
577 2184 739 2221 haesere
783 2198 903 2222 caeno
947 2185 1137 2235 fossisque
1172 2186 1467 2235 impedimenta,

138 2244 295 2281 turbati
320 2244 468 2282 circum
495 2245 653 2292 milites,
680 2246 855 2283 incertus
881 2247 1083 2296 signorum
1111 2248 1216 2295 ordo,
1245 2246 1369 2297 utque
1394 2248 1471 2285 tali

140 2304 185 2342 in
201 2307 391 2355 tempore,
402 2305 477 2342 sibi
493 2305 659 2355 quisque
676 2319 866 2357 properus
882 2311 925 2345 et
938 2308 1071 2346 lentae
1083 2309 1290 2346 adversum
1304 2309 1471 2358 imperia

139 2377 267 2412 aures,
298 2366 527 2414 inrumpere
558 2364 777 2404 Germanos
812 2367 935 2415 iubet,
968 2369 1180 2406 clamitans
1210 2373 1234 2391 “
1249 2383 1299 2407 en
1337 2370 1472 2407 Varus
1492 2389 1533 2424 15
