1664 2540
160 159 212 196 30
643 165 821 208 monus,
850 171 1020 199 ANNALS.

156 263 347 309 Quietum
374 263 467 302 inde
492 265 582 311 iter,
602 264 806 314 fidensque
824 264 1048 302 recentibus
1075 278 1122 302 ac
1149 265 1328 315 priorum
1346 264 1494 303 oblitus

158 324 271 362 miles
298 325 342 362 in
369 325 546 363 hibernis
570 326 734 364 locatur.

212 444 307 481 LII.
336 443 541 482 Nuntiata
579 457 626 482 ea
663 444 863 482 Tiberium
900 445 1055 482 laetitia
1091 458 1264 496 curaque
1300 445 1491 494 adfecere,

155 506 358 556 gaudebat
376 519 601 557 oppressam
616 507 861 554 seditionem,
876 507 942 544 sed
961 507 1066 556 quod
1084 508 1301 558 largiendis
1318 509 1496 559 pecuniis

155 571 197 606 et
223 568 407 606 missione
434 568 627 606 festinata
654 568 833 606 favorem
862 569 1036 606 militum
1064 569 1334 619 quaesivisset,
1355 571 1494 610 bellica

155 644 311 682 quoque
348 632 574 670 Germanici
606 632 733 683 gloria
769 633 1002 682 angebatur.
1070 633 1230 670 Retulit
1266 638 1404 672 tamen
1441 634 1493 672 ad

114 702 135 738 5
155 698 340 732 senatum
360 695 407 732 de
426 695 544 732 rebus
558 695 678 744 gestis
692 695 900 744 multaque
915 694 962 732 de
977 695 1128 732 virtute
1146 695 1230 734 eius
1244 697 1492 744 memoravit,

156 757 283 806 magis
309 757 353 794 in
380 757 547 807 speciem
567 757 698 795 verbis
716 757 913 794 adornata
931 770 1054 807 quam
1082 761 1130 794 ut
1156 758 1317 807 penitus
1344 758 1494 797 sentire

155 818 391 856 crederetur.
449 819 706 856 Paucioribus
740 819 919 856 Drusum
949 822 989 855 et
1022 819 1141 856 finem
1174 819 1328 869 Illyrici
1360 823 1493 858 motus

155 881 348 928 laudavit,
383 880 449 918 sed
481 881 676 918 intentior
707 884 749 918 et
776 881 854 917 fida
881 881 1072 920 oratione.
1130 881 1364 931 Cunctaque
1391 894 1493 932 quae

154 942 416 980 Germanicus
452 942 686 989 indulserat,
725 941 900 980 servavit
936 941 1057 979 etiam
1099 941 1206 991 apud
1243 942 1492 981 Pannonicos

92 1012 134 1038 ยน0
153 1004 363 1043 exercitus.

207 1118 328 1156 LIII.
359 1118 508 1155 Eodem
540 1130 647 1154 anno
676 1117 783 1154 Iulia
811 1130 1042 1166 supremum
1069 1116 1173 1154 diem
1200 1117 1312 1164 obiit,
1339 1118 1390 1155 ob
1416 1118 1489 1156 im-

153 1179 386 1230 pudicitiam
416 1179 509 1217 olim
538 1192 563 1216 a
595 1182 711 1229 patre
738 1178 925 1228 Augusto
954 1178 1197 1216 Pandateria
1224 1178 1366 1226 insula,
1395 1192 1489 1218 mox

150 1241 293 1291 oppido
326 1241 584 1291 Reginorum,
619 1241 688 1290 qui
721 1240 897 1277 Siculum
930 1240 1078 1278 fretum
1111 1240 1306 1288 accolunt,
1339 1241 1486 1279 clausa.

151 1305 302 1341 Fuerat
335 1304 377 1341 in
414 1303 669 1340 matrimonio
700 1302 848 1339 Tiberii
884 1303 1116 1340 florentibus
1148 1302 1250 1340 Gaio
1285 1306 1327 1340 et
1363 1302 1487 1340 Lucio

110 1379 130 1416 5
150 1364 384 1404 Caesaribus
411 1368 694 1415 spreveratque
721 1369 769 1402 ut
796 1365 978 1414 inparem
990 1378 1002 1412 3
1031 1377 1102 1402 nec
1121 1364 1201 1402 alia
1227 1367 1315 1402 tam
1340 1365 1490 1402 intima>

148 1428 303 1466 Tiberio
322 1441 442 1466 causa
469 1441 540 1465 cur
569 1428 756 1465 Rhodum
784 1427 1018 1465 abscederet.
1076 1427 1297 1476 Imperium
1314 1427 1484 1477 adeptus

148 1494 358 1538 extorrem,
371 1490 561 1527 infamem
580 1494 621 1527 et
635 1493 725 1539 post
738 1489 994 1527 interfectum
1007 1489 1243 1526 Postumum
1257 1489 1483 1539 Agrippam

147 1554 274 1590 omnis
293 1553 376 1602 spei
394 1565 558 1602 egenam
586 1552 721 1601 inopia
749 1565 796 1588 ac
822 1552 917 1588 tabe
935 1551 1054 1600 longa
1072 1550 1254 1600 peremit,
1273 1550 1482 1594 obscuram
1538 1598 1540 1600 ฮน

147 1614 232 1651 fore
251 1627 385 1651 necem
413 1614 708 1663 longinquitate
736 1613 843 1650 exilii
871 1616 997 1650 ratus.
1055 1612 1136 1649 Par
1153 1624 1274 1650 causa
1293 1612 1483 1650 saevitiae

87 1692 129 1718 10
147 1676 189 1712 in
209 1675 487 1725 Sempronium
507 1675 741 1722 Gracchum,
758 1675 827 1724 qui
846 1674 1001 1711 familia
1020 1673 1154 1720 nobili,
1171 1673 1306 1711 sollers
1324 1673 1484 1723 ingenio

146 1741 187 1775 et
215 1750 338 1788 prave
368 1737 575 1784 facundus,
610 1738 776 1775 eandem
807 1737 956 1774 Iuliam
989 1736 1032 1773 in
1065 1735 1321 1773 matrimonio
1354 1734 1483 1773 Marci

145 1801 350 1850 Agrippae
387 1803 664 1837 temeraverat.
739 1799 824 1837 Nec
862 1799 895 1836 is
935 1798 1091 1836 libidini
1127 1798 1240 1836 finis:
1287 1796 1483 1835 traditam

144 1862 301 1900 Tiberio
330 1862 516 1912 pervicax
548 1861 708 1898 adulter
739 1860 990 1898 contumacia
1020 1863 1061 1897 et
1090 1859 1188 1897 odiis
1215 1859 1258 1896 in
1290 1859 1482 1896 maritum

145 1924 404 1962 accendebat:
452 1923 691 1972 litteraeque
727 1935 828 1972 quas
866 1922 974 1959 Iulia
1018 1921 1127 1971 patri
1167 1921 1354 1970 Augusto
1389 1933 1481 1958 cum

86 1999 125 2034 15
144 1985 406 2023 insectatione
438 1985 585 2022 Tiberii
615 1984 784 2034 scripsit,
816 1997 841 2020 a
873 1983 1053 2021 Graccho
1084 1982 1324 2032 compositae
1353 1981 1481 2019 crede-

144 2049 305 2085 bantur.
363 2047 498 2097 Igitur
529 2050 687 2084 amotus
719 2045 938 2092 Cercinam,
972 2044 1103 2082 Africi
1135 2043 1257 2081 maris
1292 2043 1479 2091 insulam,

144 2108 463 2159 quattuordecim
495 2108 613 2145 annis
648 2107 812 2144 exilium
846 2107 1044 2144 toleravit.
1101 2106 1212 2143 Tunc
1244 2105 1391 2142 milites
1425 2104 1478 2142 ad

143 2170 302 2208 caedem
332 2170 441 2207 missi
468 2169 655 2207 invenere
683 2169 724 2206 in
754 2168 996 2217 prominenti
1028 2167 1167 2214 litoris,
1196 2167 1298 2204 nihil
1324 2167 1477 2204 laetum

143 2232 425 2282 opperientem.
482 2232 661 2276 Quorum
693 2231 871 2268 adventu
904 2230 1022 2266 breve
1053 2233 1212 2279 tempus
1244 2227 1398 2279 petivit,
1429 2230 1478 2264 ut

81 2309 127 2336 20
143 2307 325 2344 suprema
354 2293 546 2330 mandata
574 2292 688 2329 uxori
720 2291 917 2329 Alliariae
948 2303 1019 2341 per
1047 2290 1205 2329 litteras
1237 2289 1364 2337 daret,
1397 2301 1476 2327 cer-

142 2357 346 2406 vicemque
382 2355 675 2405 percussoribus
719 2354 877 2400 obtulit,
913 2353 1138 2391 constantia
1182 2352 1323 2390 mortis
1366 2350 1475 2389 haud
