1664 2540
514 183 622 211 soon
650 185 694 220 1.,
721 184 860 212 cuns.
890 171 953 222 71,
984 173 1045 212 72.
1395 172 1446 209 41

115 275 237 313 classo
254 276 526 316 contenderat.
582 277 787 327 Inpositas
813 277 906 316 dein
933 278 1118 328 legiones,
1137 280 1310 328 vagante
1336 276 1449 314 fama

50 348 55 352 ’
116 337 341 375 submersas
346 351 359 386 3
386 350 459 375 nee
476 338 574 377 fides
590 338 742 387 salutis,
754 343 973 390 antequam
985 340 1194 378 Caoeaoem
1214 339 1448 377 exercitum-

115 411 195 449 que
210 397 393 437 reducem
410 399 554 439 videre.

170 565 328 603 LXXI.
357 566 448 604 Iam
481 566 709 615 Stertinius,
741 567 795 605 ad
825 568 1096 619 accipiendum
1131 569 1175 606 in
1210 568 1449 606 deditionem

52 625 54 627 ’
118 625 362 676 Scffimerum
394 627 562 666 fratrem
596 629 768 679 Segestis
798 630 1049 680 praemissus,
1081 630 1211 680 ipsum
1243 634 1287 668 et
1322 630 1450 667 filium

116 686 203 725 eius
218 687 264 725 in
280 687 483 726 civitatem
503 689 701 727 Ubiorum
718 690 971 740 perduxerat.
1010 691 1121 729 Data
1140 691 1301 741 utrique
1320 691 1450 739 venia,

116 747 234 786 facilc
252 749 464 800 Segimero,
482 752 738 789 cunctantius
755 752 849 799 filio,
868 753 964 802 quia
982 753 1169 798 Quintilii
1187 753 1291 791 Vari
1308 766 1452 803 corpus

117 809 299 848 inlusisse
316 811 536 851 dicebatur.
582 813 771 851 Ceterum
784 814 834 851 ad
848 814 1068 864 supplenda
1086 815 1284 852 exercitus
1302 815 1451 852 damna

116 875 321 911 certavere
338 873 490 911 Galliae
518 874 740 925 Hispaniae
768 876 905 924 Italia,
924 877 1029 926 quod
1047 877 1188 926 cuique
1206 881 1450 927 promptum,

119 946 235 971 arma
269 946 390 984 equos
424 948 568 973 aurum
604 936 823 975 offerentes.
898 938 1077 983 Quorum
1113 938 1279 976 laudato
1318 939 1452 976 studio

119 994 392 1067 German‘fus,
406 997 529 1035 armis
546 997 662 1035 modo
679 1002 721 1035 et
738 999 849 1048 equis
862 999 913 1036 ad
928 999 1076 1037 bellum
1094 1001 1453 1051 sumptis,‘pmpria

119 1057 285 1106 pecunia
321 1057 489 1095 militem
524 1058 638 1096 iuvit.
711 1059 851 1110 thue
895 1060 1020 1098 cladis
1060 1062 1291 1116 memoriam
1327 1062 1451 1113 etiam

119 1118 308 1156 comitate
339 1118 495 1166 leniret,
526 1120 734 1158 circumire
764 1122 927 1169 saucios,
962 1122 1074 1160 facta
1105 1123 1353 1173 singulorum
1384 1137 1451 1162 ex-

1474 1133 1516 1158 10

119 1179 271 1226 tollere,
301 1180 469 1218 vulnera
499 1181 662 1219 intuens
696 1183 818 1220 alium
850 1197 931 1233 spe,
961 1184 1085 1221 alium
1117 1185 1255 1234 gloria,
1288 1189 1453 1223 cunctos
1511 1190 1516 1193 “

121 1241 301 1291 adloquio
327 1245 370 1279 et
395 1255 493 1280 cura
519 1243 671 1293 sibique
697 1248 739 1282 et
766 1245 912 1295 proelio
938 1246 1139 1284 firmabat.

177 1423 358 1462 LXXII.
390 1425 561 1463 Decreta
587 1438 633 1464 eo
658 1439 765 1465 anno
791 1428 1053 1479 triumphalia
1080 1431 1255 1481 iusignia
1283 1433 1334 1470 A.
1355 1433 1437 1470 Cae

121 1485 247 1532 cinae,
275 1486 320 1525 L
347 1487 538 1537 Apronio,
567 1488 610 1525 O.
632 1488 727 1526 Silio
754 1490 805 1526 ob
830 1503 894 1528 res
924 1505 1015 1528 cum
1044 1492 1278 1531 Germanico
1306 1498 1452 1543 gestas.

123 1547 281 1585 Nomen
308 1549 436 1598 patris
461 1549 616 1598 patriae
643 1550 834 1597 Tiberius,
853 1565 878 1588 a
898 1553 1041 1602 populo
1059 1554 1217 1604 saepius
1240 1556 1454 1604 ingestum,

122 1609 349 1658 repudiavit
359 1622 371 1657 ;
398 1622 527 1659 neque
553 1611 598 1647 in
624 1614 718 1649 acta
744 1625 817 1649 sua
844 1613 972 1651 iurari
1003 1628 1244 1665 quamquam
1272 1621 1456 1654 censente

123 1673 267 1708 senatu
293 1671 483 1720 permisit,
502 1676 648 1710 cuncta
675 1674 904 1712 mortalium
930 1675 1085 1713 incerta
1110 1682 1340 1728 quantoque
1368 1678 1457 1728 plus

124 1731 293 1780 adeptus
324 1731 441 1779 foret,
470 1736 587 1771 tanto
616 1746 658 1772 se
688 1735 815 1785 magis
847 1736 892 1773 in
922 1736 1074 1774 lubrico
1102 1738 1305 1777 dictitans.
1343 1740 1457 1777 -Non

124 1795 262 1830 tamen
275 1793 361 1830 ideo
371 1793 543 1832 faciebat
554 1795 670 1833 fidem
683 1797 809 1835 civilis
821 1797 946 1835 animi
957 1812 969 1846 3
988 1811 1083 1836 nam
1097 1800 1223 1850 legem
1234 1801 1457 1839 maiestatis

124 1854 350 1901 reduxerat,
361 1855 426 1892 cui
439 1868 583 1894 nomen
597 1857 705 1907 apud
723 1862 876 1896 veteres
893 1859 1091 1907 idem‚,sed
1108 1861 1188 1899 alia
1205 1862 1251 1899 in
1267 1862 1456 1900 iudicium

125 1914 352 1963 veniebant,
384 1917 419 1953 si
449 1917 537 1966 quis
569 1918 790 1967 proditione
822 1921 1039 1958 exercitum
1070 1926 1145 1959 aut
1175 1923 1330 1973 plebem
1359 1924 1458 1962 sedi-

126 1975 312 2023 tionibus,
332 1976 501 2027 denique
528 1979 633 2016 male
658 1983 772 2030 gaeta
799 1994 843 2018 re
868 1982 1028 2032 publica
1053 1983 1304 2022 maiestatem
1323 1985 1458 2035 populi

129 2036 302 2074 Romani
318 2038 549 2078 minuisset:
578 2041 687 2079 facta
713 2043 996 2093 arguebantur,
1017 2044 1124 2082 dicta
1148 2046 1299 2096 inpune
1326 2051 1456 2084 erant.

130 2097 289 2136 Primus
304 2099 516 2150 Augustus
531 2102 794 2151 cognitionem
813 2104 862 2141 de
879 2105 1042 2143 famosis
1059 2106 1201 2144 libellis
1218 2109 1344 2158 specie
1361 2108 1460 2158 legis

129 2159 215 2196 eius
243 2161 449 2208 tractavit,
477 2167 698 2202 commotus
729 2165 855 2202 Cassii
882 2166 1018 2204 Severi
1043 2167 1218 2216 libidine,
1245 2182 1328 2219 qua¹
1354 2171 1460 2207 viros

130 2217 377 2270 feminasque
402 2221 591 2262 inlustres
607 2226 834 2275 procacibus
856 2228 1012 2277 scriptis
1039 2229 1318 2267 diffamaverat
1328 2244 1339 2278 3
1367 2243 1461 2267 mox

1480 1992 1522 2018 10

131 2280 322 2328 Tiberius,
349 2283 604 2323 consultante
630 2286 817 2337 Pompeio
844 2287 984 2326 Macro
1010 2294 1205 2339 praetore,
1233 2303 1286 2328 an
1316 2291 1461 2329 iudicia
1480 2303 1520 2337 15

132 2341 355 2381 maiestatis
389 2344 661 2395 redderentur,
696 2349 933 2387 exercendas
976 2351 1081 2400 leges
1125 2365 1209 2390 esse
1243 2353 1458 2403 respondit.
