1716 2554
188 173 211 209 2
669 181 847 219 mol-rus,
875 182 1043 210 ANNALs.

391 204 600 281 ms

148 292 167 328 5
189 276 229 310 et
273 273 324 310 ad
371 273 562 310 tuendam
604 273 703 322 pleb
820 273 1014 310 -'1bunicio
1050 272 1137 310 iure
1173 275 1419 319 contentum,
1458 271 1528 310 ubi

0 377 5 382 ,
53 380 59 387 ¹
187 334 355 372 militem
397 335 520 381 donis,
559 334 750 384 populum
791 346 965 381 annona,
1002 338 1165 372 cunctos
1206 334 1414 372 dulcedine
1455 332 1530 372 otii

0 403 100 431 m
188 395 363 446 pellexit,
389 397 595 446 insurgere
619 396 830 446 paulatim,
854 396 994 433 munia
1022 401 1187 434 senatus
1213 396 1528 446 magistratuum

0 446 320 508 &megum
348 459 391 495 in
419 471 459 496 se
487 458 659 505 trahere,
680 458 790 495 nullo
818 458 1067 505 adversante,
1088 471 1177 495 cum
1206 458 1437 496 terocissimi
1459 469 1530 507 per

189 520 292 558 acies
319 523 393 557 aut
421 520 707 570 proscriptione
734 519 977 567 cecidissent,
1004 519 1126 557 ceteri
1150 519 1357 567 nobilium,
1377 522 1530 569 quanto

129 599 171 623 10
190 581 280 631 quis
307 581 468 619 servitio
496 581 728 632 promptior,
759 581 898 631 opibus
926 584 967 619 et
990 581 1210 619 ‘henoribus
1242 581 1532 619 extollerentur

191 656 236 680 ac
265 643 377 680 novis
404 655 454 680 ex
480 643 598 680 rebus
617 643 727 681 aucti
753 646 846 680 tuta
874 646 916 680 et
942 643 1171 693 praesentia
1190 656 1311 693 quam
1331 646 1467 682 vetera
1489 645 1532 680 et

191 705 409 754 periculosa
437 705 613 744 mallent.
670 705 811 755 Neque
836 705 1061 774 provipciae
1079 705 1192 743 illum
1217 718 1352 743 rerum
1352 708 1532 762 satassm

191 767 434 814 abnuebant,
455 770 636 817 suspecto
651 771 813 805 senatus
831 766 1044 817 popuhque
1062 767 1228 817 imperio
1241 767 1291 805 ob
1309 767 1532 805 certamina

192 830 418 880 potentium
465 834 506 866 et
551 829 766 866 avaritiam
813 830 1134 879 magistratuum,
1177 829 1356 867 invalido
1397 830 1532 880 legum

132 908 170 944 ¹5
193 891 352 938 auxilio,
383 903 486 941 quae
515 891 565 938 vi,
594 891 761 939 ambitu,
792 894 989 940 postremo
1017 891 1186 940 pecunia
1212 891 1496 929 turbabantur.

248 1009 333 1046 ΙΙΙ.
364 1008 551 1046 Ceterum
584 1008 795 1058 Augustus
827 1022 845 1045 s
875 1008 934 1045 bsi
965 1008 972 1015 '
1026 1007 1289 1045 dominationi
1321 1007 1534 1045 Claudium

196 1071 431 1108 Marcellum
451 1070 594 1108 sororis
608 1070 735 1107 filium
755 1070 968 1107 admodum
987 1069 1279 1107 adulescentem
1297 1069 1535 1120 pontificatu

195 1137 236 1170 et
268 1134 395 1171 curuli
425 1133 641 1178 aedilitate,
677 1133 733 1170 M.
769 1132 994 1182 Agrippam
1022 1131 1244 1186 ignobilem
1262 1131 1357 1177 loco,
1386 1130 1535 1168 bonum

198 1196 341 1233 militia
368 1198 409 1232 et
436 1195 627 1232 victoriae
655 1195 815 1240 socium,
842 1194 1056 1244 geminatis
1083 1193 1353 1231 consulatibus
1377 1192 1534 1239 extulit,

157 1267 176 1302 5
196 1270 288 1294 mox
302 1257 367 1294 def
372 1259 490 1294 uncto
506 1256 697 1294 Marcello
711 1269 901 1306 generum
913 1256 1100 1305 sumpsit3
1120 1254 1321 1292 Tiberium
1334 1254 1536 1292 Neronem

196 1323 238 1357 et
280 1316 494 1362 Claudium
539 1319 717 1355 Drusum
754 1318 956 1368 privignos
998 1317 1264 1367 imperatoriis
1309 1316 1538 1354 nominibus
1592 1319 1606 1334 ·’

0 1375 142 1421 ἺἋΕΤ
199 1380 323 1427 auxit,
346 1380 505 1437 iQ
523 1379 646 1417 etiam
670 1383 758 1416 tum
778 1379 891 1417 domo
910 1391 994 1416 sua.
1050 1379 1160 1416 Nam
1178 1378 1334 1428 genitos
1352 1377 1548 1428 Agrippa·

199 1441 342 1478 Gaium
363 1454 408 1478 ac
430 1441 597 1478 Lucium
616 1441 659 1477 in
678 1440 870 1477 familiam
891 1441 1106 1478 Caesarum
1125 1439 1351 1487 induxerat,
1370 1438 1539 1477 necdum

200 1503 327 1553 posita
354 1503 497 1552 puerili
525 1506 736 1552 praetexta
763 1502 960 1552 principes
984 1501 1207 1539 iuventutis
1233 1500 1440 1556 appellari,
1458 1500 1546 1538 des-

143 1579 184 1604 10
201 1565 329 1602 tinari
361 1565 540 1601 consules
573 1565 698 1617 specie
730 1564 952 1616 recusantys'
985 1563 1290 1613 flagrantissime
1320 1562 1538 1612 cupiverat.
1568 1580 1586 1619 5

203 1627 266 1665 Ut
298 1626 482 1676 Agrippa
514 1626 599 1663 vita
629 1626 828 1672 concessit,
862 1625 1029 1662 Lucium
1058 1625 1266 1662 Caesarem
1298 1627 1460 1661 euntem
1488 1622 1540 1660 ad

206 1688 488 1738 Hispaniensis
531 1688 740 1734 exercitus,
786 1687 931 1725 Gaium
974 1690 1220 1724 remeantem
1260 1686 1456 1724 Armenia
1498 1687 1541 1722 et

206 1751 369 1787 vulnere
398 1749 617 1786 invalidum
650 1761 755 1786 mors
783 1749 869 1786 fato
898 1761 1067 1798 propera
1096 1748 1159 1785 vel
1186 1759 1377 1785 novercae
1403 1745 1542 1784 Liviae
1586 1761 1592 1764 ·

208 1812 320 1849 dolus
357 1810 535 1858 abstulit,
575 1811 784 1860 Drusoque
827 1810 979 1860 pridem
1021 1809 1198 1847 extincto
1234 1808 1344 1846 Nero
1379 1807 1485 1846 solus
1519 1819 1543 1845 θ

150 1888 189 1923 15
209 1873 403 1924 privignis
430 1876 531 1919 erat,
551 1872 645 1909 illuc
671 1875 817 1908 cuncta
845 1884 1028 1921 vergere:
1057 1871 1172 1918 filius,
1197 1871 1347 1920 collega
1372 1868 1542 1920 imperii,

210 1946 367 1972 consors
386 1933 619 1971 tribuniciae
644 1933 855 1983 potestatis
877 1933 1104 1970 adsumitur
1122 1932 1327 1981 omnisque
1342 1944 1416 1982 per
1433 1943 1542 1969 exer-

211 1997 314 2034 citus
345 1998 586 2042 ostentatur,
619 2008 700 2032 non
737 1995 922 2042 obscuris,
955 1998 1002 2031 ut
1038 1998 1168 2041 antea,
1203 1993 1345 2032 matris
1375 1992 1543 2039 artibus,

211 2057 277 2096 sed
296 2057 431 2107 palam
446 2056 622 2094 hortatu.
670 2056 777 2093 Nam
793 2068 922 2093 senem
939 2056 1170 2105 Augustiun
1185 2055 1417 2092 devinxerat
1434 2052 1545 2100 adeo,

212 2119 274 2156 uti
311 2121 494 2167 nepotem
537 2117 710 2163 unicum,
748 2117 972 2166 Agrippam
1010 2116 1257 2162 Postumum,
1293 2115 1337 2152 in
1372 2114 1546 2152 insulam

151 2195 196 2221 20
214 2180 444 2218 Planasiam
463 2179 683 2228 proiecerit,
699 2179 837 2215 rudem
852 2190 948 2215 sane
966 2178 1161 2215 bonarum
1179 2177 1330 2214 artium
1349 2179 1391 2214 et
1408 2175 1546 2214 robore

214 2241 385 2290 corporis
412 2240 552 2277 stolide
579 2240 759 2286 ferocem,
790 2239 939 2276 nullius
966 2244 1103 2277 tamen
1131 2237 1275 2288 flagitii
1299 2241 1545 2288 conpertum.

215 2305 276 2341 At
300 2301 458 2339 hercule
482 2301 762 2338 Germanicum
791 2301 924 2338 Druso
950 2304 1083 2338 ortum
1110 2303 1198 2337 octo
1224 2299 1330 2350 apud
1357 2299 1546 2337 Rhenum

215 2363 434 2415 legionibus
469 2362 645 2412 inposuit
680 2361 902 2412 adscirique
937 2374 1008 2414 per
1043 2361 1295 2412 adoptionem
1331 2373 1358 2398 a
1392 2358 1548 2398 Tiberio
