1664 2540
548 198 655 225 Boon
683 199 726 235 1.‚
753 198 891 225 onus.
921 187 985 236 61,
1014 189 1077 225 62.
1418 188 1468 224 35

133 291 358 330 Germanioi
392 290 500 328 fudit
511 306 523 336 3
568 292 752 342 interque
786 291 946 329 caedem
983 295 1025 329 et
1067 291 1254 342 praedam
1290 292 1467 342 repperit

132 353 475 392 undevicensimae
522 353 687 404 legionis
735 353 914 403 aquilam
962 367 1054 392 cum
1103 354 1217 391 Varo
1266 355 1465 392 amissam.

123 414 310 453 *Ductum
327 415 420 452 inde
443 427 587 466 agmen
614 415 666 452 ad
690 415 851 452 ultimos
876 415 1173 464 Bructerorum,
1192 420 1467 467 quantumque

131 478 329 517 Amisiam
359 482 402 517 et
433 479 604 529 Lupiam
634 491 773 517 amnes
803 478 911 516 inter
941 483 1159 527 vastatum,
1190 480 1300 518 haud
1329 480 1465 531 procul

130 541 458 591 Teutoburgiensi
501 541 622 588 saltu,
649 541 692 578 in
719 554 798 591 quo
825 541 1015 592 reliquiae
1042 542 1148 579 Vari
1186 542 1465 592 legionumque

54 632 57 634 >
129 602 352 653 insepultae
379 602 625 640 dicebantur.

183 740 300 779 LXI.
326 740 461 790 Igitur
487 740 629 791 cupido
657 741 865 779 Gaesarem
891 740 1047 779 invadit
1074 741 1251 780 solvendi
1277 755 1462 792 suprema

128 801 322 839 militibus
365 801 545 852 ducique,
590 806 770 851 permoto
811 802 863 840 ad
901 802 1198 840 miserationem
1240 803 1351 840 omni
1393 803 1462 854 qui

127 862 270 900 aderat
300 863 476 902 exercitu
507 863 559 900 ob
589 863 841 913 propinquos,
875 864 1033 912 amicos,
1065 865 1235 915 denique
1265 865 1316 902 ob
1347 878 1461 903 casus

126 925 318 962 bellorum
363 929 404 963 et
447 929 594 963 sortem
639 926 857 966 hominum.
929 927 1153 964 Praemisso
1191 927 1375 974 Caecina,
1413 931 1460 964 ut

126 986 280 1024 occulta
315 987 492 1024 saltuum
523 991 772 1025 scrutaretur
802 991 1019 1039 pontesque
1054 992 1095 1026 et
1131 1000 1294 1038 aggeres
1325 988 1460 1025 umido

1488 491 1527 527 Ῑ5

126 1047 315 1098 paludum
342 1052 383 1085 et
409 1047 621 1086 fallacibus
646 1050 794 1099 campis
825 1050 1045 1099 inponeret,
1073 1050 1264 1087 incedunt
1290 1054 1459 1087 maestos
1482 1051 1487 1054 '

124 1109 228 1146 locos
262 1109 428 1159 visuque
462 1123 509 1147 ac
544 1110 734 1148 memoria
766 1111 962 1148 deformis.
1019 1111 1157 1148 Prima
1189 1111 1294 1148 Vari
1325 1115 1458 1149 castra

123 1170 209 1207 lato
237 1170 393 1207 ambitu
422 1174 463 1207 et
494 1170 682 1209 dimensis
706 1171 911 1221 principiis
938 1172 1061 1209 trium
1088 1172 1287 1222 legionum
1314 1185 1459 1210 manus

123 1232 383 1269 ostentabant
394 1245 406 1280 3
435 1232 526 1269 dein
554 1233 744 1270 semiruto
762 1233 879 1280 vallo,
899 1233 1040 1270 humili
1067 1233 1172 1271 fossa
1198 1234 1349 1271 accisae
1376 1235 1456 1271 iam

123 1293 313 1343 reliquiae
338 1293 553 1331 consedisse
579 1294 940 1344 intellegebantur:
969 1295 1096 1332 medio
1122 1295 1253 1345 campi
1278 1295 1456 1333 albentia

123 1367 223 1402 ossa,
260 1359 307 1393 ut
342 1355 543 1406 fugerant,
582 1359 629 1393 ut
664 1357 912 1404 restiterant,
949 1356 1111 1394 disiecta
1147 1356 1210 1393 vel
1246 1361 1453 1407 aggerata.

1478 1310 1521 1335 10

123 1416 374 1455 Adiacebant
415 1417 613 1467 fragmina
648 1417 820 1455 telorum
862 1431 1132 1468 equorumque
1172 1421 1300 1466 artus,
1337 1419 1456 1456 simul
1513 1465 1519 1474 f

120 1479 276 1533 truncis
301 1479 488 1516 arborum
516 1480 693 1517 antefixa
718 1492 800 1516 ora.
857 1479 974 1517 Lucis
1000 1480 1232 1530 propinquis
1258 1480 1455 1517 barbarae

121 1552 227 1588 arae,
247 1541 355 1590 apud
373 1553 473 1591 quas
490 1541 673 1578 tribunos
690 1553 737 1579 ac
761 1541 981 1590 primorum
1002 1542 1186 1579 ordinum
1203 1541 1454 1579 centuriones

121 1605 411 1640 mactaverant.
458 1602 513 1639 Et
530 1602 651 1640 cladis
665 1602 749 1639 eius
760 1603 1003 1652 superstites
1018 1615 1195 1653 pugnam
1209 1607 1282 1640 aut
1293 1603 1452 1640 vincula

120 1663 256 1713 elapsi,
275 1662 504 1701 referebant
526 1664 590 1702 hic
614 1664 796 1702 cecidisse
820 1665 983 1715 legatos,
1004 1665 1084 1703 illic
1111 1669 1251 1715 raptas
1274 1666 1428 1716 aquilas
1440 1680 1451 1710 3

119 1726 294 1776 primum
321 1725 390 1762 ubi
417 1726 562 1763 vulnus
582 1726 695 1763 Varo
722 1725 920 1774 adactum,
949 1727 1019 1764 ubi
1044 1727 1191 1765 infelici
1219 1727 1382 1767 dextera
1410 1731 1451 1765 et

115 1798 191 1831 ‚suo
231 1788 316 1824 ictu
361 1790 529 1824 mortem
570 1787 794 1835 invenerit3
839 1800 918 1838 quo
959 1789 1154 1826 tribunali
1196 1789 1450 1826 contionatus

120 1847 340 1896 Arminius,
359 1852 459 1899 quot
475 1849 658 1898 patibula
676 1849 858 1899 captivis,
878 1861 981 1900 quae
998 1851 1163 1899 scrobes,
1185 1854 1308 1901 utque
1326 1851 1450 1900 siguis

119 1912 162 1947 et
178 1909 323 1960 aquilis
340 1922 411 1959 per
425 1909 652 1960 superbiam
670 1910 864 1948 inluserit.

172 2058 310 2096 LXII.
339 2059 474 2108 Igitur
490 2059 696 2097 Romanus
713 2059 783 2110 qui
804 2059 946 2097 aderat
970 2060 1165 2097 exercitus
1183 2064 1340 2097 sextum
1359 2063 1447 2110 post

117 2119 238 2157 cladis
264 2132 416 2157 annum
442 2121 566 2158 trium
593 2121 794 2171 legionum
821 2134 917 2168 ossa,
945 2121 1056 2158 nullo
1083 2126 1268 2159 noscente
1295 2121 1448 2158 alienas

117 2180 306 2230 reliquias
331 2194 386 2219 an
403 2194 564 2219 suorum
581 2182 704 2220 humo
730 2186 895 2233 tegeret,
914 2195 1050 2219 omnes
1067 2186 1115 2219 ut
1138 2183 1379 2229 coniunctos,
1398 2186 1446 2219 ut

117 2243 439 2293 consanguinem,
457 2247 578 2282 aucta
597 2244 645 2281 in
669 2243 823 2282 hostem
847 2245 921 2292 ira,
941 2246 1081 2282 maesti
1099 2245 1216 2282 simul
1235 2248 1276 2282 et
1300 2244 1445 2282 infensi

117 2303 350 2342 condebant.
406 2305 588 2343 Primum
613 2306 852 2344 exstruendo
877 2305 1034 2343 tumulo
1060 2306 1273 2356 caespitem
1301 2306 1446 2343 Caesar

118 2365 262 2416 posuit,
298 2366 523 2416 gratissimo
564 2379 730 2405 munere
763 2367 808 2406 in
842 2367 1050 2406 defunctos
1084 2371 1126 2404 et
1171 2368 1445 2418 praesentibus

1475 1619 1514 1655 15
