1664 2540
195 137 247 174 26
680 151 858 188 melros,
888 153 1056 182 ANNALs.

247 318 404 356 XLIV.
446 318 648 369 Supplices
680 319 732 356 ad
763 319 862 357 haec
891 323 933 357 et
962 332 1056 357 vera
1089 321 1323 370 exprobrari
1358 320 1534 358 fatentes

191 381 364 418 orabant
400 381 564 430 puniret
600 381 751 428 noxios,
790 381 1008 432 ignosceret
1044 382 1167 432 lapsis
1202 386 1244 421 et
1282 382 1446 421 duceret
1489 382 1534 420 in

191 442 370 490 hostem3
412 446 668 481 revocaretur
704 444 888 492 coniunx,
928 445 1077 482 rediret
1113 445 1313 494 legionum
1345 444 1534 482 alumnus

190 517 290 542 neve
322 506 433 543 obses
463 505 591 542 Gallis
618 507 860 544 traderetur.
918 507 1109 544 Reditum
1139 507 1388 558 Agrippinae
1419 519 1534 544 excu-

150 571 170 605 5
191 566 296 604 savit
315 567 365 604 ob
385 567 648 604 inminentem
669 571 831 618 partum
851 572 892 605 et
911 568 1080 606 hiemem
1096 583 1107 617 3
1136 573 1353 607 venturum
1380 567 1531 606 filium:

189 632 321 666 cetera
340 629 415 679 ipsi
433 633 760 679 exsequerentur.
818 630 1062 668 Discurrunt
1081 631 1227 669 mutati
1254 634 1296 668 et
1324 630 1533 668 seditiosis-

189 692 333 728 simum
354 704 551 741 quemque
570 692 723 729 vinctos
740 693 913 729 trahunt
928 693 978 730 ad
998 693 1175 743 legatum
1194 692 1360 743 legionis
1378 693 1532 742 primae

191 753 233 790 O.
255 753 527 800 Caetronium,
548 754 617 803 qui
645 753 835 792 iudicium
865 758 906 792 et
933 768 1080 805 poenas
1107 755 1155 792 de
1180 754 1347 805 singulis
1364 755 1408 791 in
1426 754 1534 792 hunc

190 815 350 852 modum
370 816 558 853 exercuit.
617 815 794 853 Stabant
822 829 893 866 pro
921 817 1104 854 contione
1133 817 1307 866 legiones
1335 816 1535 854 destrictis

130 880 171 904 10
189 877 354 927 gladiis3
396 890 486 915 reus
518 877 561 914 in
593 882 783 928 suggestu
816 892 887 928 per
919 879 1126 916 tribunum
1155 878 1462 916 ostendebatur:
1499 878 1533 915 si

189 944 397 977 nocentem
416 939 751 988 adclamzwerant,
771 953 958 990 praeceps
985 940 1104 977 datus
1130 940 1420 978 trucidabatur.
1477 939 1532 976 Et

189 1001 391 1051 gaudebat
419 1001 604 1038 caedibus
632 1001 755 1049 miles,
784 1006 995 1052 tamquam
1023 1006 1147 1039 semet
1175 1002 1422 1049 absolverem
1459 1013 1532 1038 nec

190 1064 336 1101 Caesar
371 1064 544 1110 arcebat,
577 1064 734 1113 quando
770 1065 882 1102 nullo
918 1065 1041 1115 ipsius
1077 1065 1187 1102 iussu
1222 1077 1343 1114 penes
1379 1064 1532 1102 eosdem

189 1125 359 1162 saevitia
392 1124 491 1162 facti
521 1128 562 1162 et
591 1125 742 1163 invidia
775 1130 874 1164 erat.
933 1126 1068 1164 Secuti
1095 1126 1322 1176 exemplum
1350 1124 1533 1164 veterani

132 1194 170 1229 15
193 1186 299 1223 haud
319 1187 444 1225 multo
463 1190 553 1236 post
571 1187 615 1224 in
634 1187 823 1225 Raetiam
851 1189 1086 1235 mittuntur,
1106 1189 1234 1238 specie
1261 1187 1532 1226 defendendae

190 1249 415 1298 provinciae
447 1249 497 1285 ob
528 1248 762 1286 inminentis
795 1250 955 1298 Suebos,
985 1253 1160 1287 ceterum
1190 1254 1236 1287 ut
1262 1250 1533 1287 avellerentur

191 1310 334 1347 castris
361 1310 542 1347 trucibus
570 1311 702 1348 adhuc
730 1324 810 1349 non
838 1312 970 1349 minus
990 1311 1208 1361 asperitate
1227 1311 1391 1356 remedii
1408 1323 1531 1361 quam

192 1372 348 1409 sceleris
386 1372 586 1410 memoria.
644 1373 977 1410 Centurionatum
1008 1373 1101 1410 inde
1133 1373 1226 1423 egit.
1251 1401 1256 1405 .
1283 1373 1443 1410 Oitatus
1479 1372 1532 1410 ab

190 1434 431 1484 imperatore
460 1447 618 1481 nomen,
647 1434 837 1481 ordinem,
866 1435 1055 1484 patriam,
1084 1447 1296 1472 numerum
1321 1434 1531 1484 stipendio-

127 1507 170 1532 2)
191 1509 294 1543 rum,
328 1508 431 1545 quae
461 1499 625 1533 strenue
654 1496 697 1533 in
729 1497 887 1546 proeliis
919 1496 1088 1543 fecisset,
1117 1500 1158 1533 et
1186 1498 1250 1534 cui
1278 1499 1396 1534 erant
1428 1495 1531 1534 dona

191 1558 395 1605 militaria,
433 1558 586 1595 edebat.
644 1557 687 1595 Si
724 1559 889 1606 tribuni,
928 1558 961 1595 si
998 1558 1099 1608 legio
1136 1558 1380 1596 industriam
1415 1557 1532 1598 inno-

190 1620 442 1669 centiamque
471 1619 806 1669 adprobaverant,
835 1620 1034 1657 retinebat
1062 1619 1240 1658 ordinem
1258 1633 1278 1660 :x
1304 1620 1374 1657 ubi
1401 1619 1531 1656 avari-

190 1681 288 1718 tiam
320 1684 392 1717 aut
425 1681 701 1718 crudelitatem
731 1694 923 1718 consensu
954 1681 1271 1729 obiectavsssent,
1303 1680 1530 1719 solvebatur

189 1742 348 1779 militia.

243 1894 376 1932 XLV.
418 1895 481 1932 Sic
518 1895 742 1945 compositis
778 1895 1055 1945 praesentibus
1097 1894 1207 1932 haud
1243 1894 1374 1932 minbr
1409 1893 1530 1932 moles

189 1959 397 2006 supererat
417 1956 466 1993 ob
485 1956 670 1993 ferociam
691 1956 857 2006 quintae
882 1960 923 1994 et
952 1956 1286 1994 unetvicensimae
1313 1956 1527 2006 legionum,

189 2018 505 2067 sexagensimum
524 2019 632 2068 apud
651 2018 823 2068 lapidem
844 2018 943 2070 (loco
963 2019 1115 2056 Vetera
1140 2031 1285 2056 nomen
1303 2017 1381 2068 est)
1400 2017 1529 2054 hiber-

188 2079 388 2117 nantium.
429 2079 538 2116 Nam
553 2079 670 2129 primi
685 2079 917 2117 seditionem
930 2082 1226 2129 coeptaverant,
1238 2078 1528 2116 atrocissimum

148 2148 168 2183 5
188 2140 370 2190 quodque
407 2140 564 2178 facinus
601 2141 744 2178 horum
783 2141 969 2177 manibus
1005 2144 1215 2190 patratum
1230 2154 1242 2188 3
1283 2131 1360 2178 'nec
1399 2151 1528 2190 poena

187 2201 502 2239 commilitonum
521 2203 704 2240 exterriti
724 2215 795 2239 nec
815 2202 1063 2252 paenitentia
1081 2203 1258 2239 conversi
1276 2202 1357 2239 iras
1383 2200 1527 2239 retine-

188 2263 300 2299 bant.
359 2263 494 2312 Igitur
515 2263 663 2300 Caesar
682 2276 795 2300 arma
815 2263 975 2301 classem
998 2263 1119 2300 socios
1146 2263 1355 2300 demittere
1384 2261 1526 2302 Rheno

189 2328 319 2376 parat,
340 2324 372 2361 si
391 2325 600 2376 imperium
623 2325 878 2372 detrectetur,
900 2325 1002 2363 bello
1020 2328 1259 2364 certaturus.
