1664 2540
476 227 583 254 BOOK
612 227 654 263 1.‚
682 225 822 254 omps.
854 213 916 261 19,
946 213 1009 259 20,
1039 213 1101 250 21.
1408 209 1457 246 13

173 364 295 403 XIX.
322 362 608 413 Aggerabatur
630 360 755 398 nihilo
779 360 911 397 minus
935 371 1094 409 caespes
1119 358 1279 408 iamque
1304 357 1455 407 pectori

119 439 244 477 usque
273 425 516 479 adore-gerat,
547 436 639 461 cum
670 422 834 460 tandem
866 421 1086 471 pervicacia
1119 420 1214 457 victi
1250 420 1454 469 inceptum

118 488 294 526 omisere.
351 486 517 523 Blaesus
548 485 677 522 multa
709 483 864 521 dicendi
896 487 985 535 agge
1016 495 1097 520 non
1125 494 1196 531 per
1221 481 1454 519 seditionem

119 538 161 588 et
179 549 320 588 turbas
337 547 528 585 desideria
554 545 727 583 militum
751 545 805 582 ad
823 545 1034 582 Caesarem
1059 543 1222 581 ferenda
1241 543 1301 580 ait
1325 555 1454 593 neque

119 615 272 649 veteres
288 610 341 646 ab
358 608 664 659 imperatoribus
688 606 825 657 priscis
843 618 971 655 neque
994 606 1098 655 ipsos
1115 618 1140 642 a
1159 605 1250 642 divo
1267 605 1454 655 Augusto

118 677 206 710 tam
224 684 328 710 nova
355 669 562 738 petivisse;
590 673 630 706 et
658 680 800 718 parum
818 667 861 704 in
889 672 1064 717 tempore
1082 666 1316 716 incipientes
1341 667 1451 716 prin-

118 733 215 784 cipis
241 745 357 771 curas
374 731 542 770 onerari.
600 731 641 768 Si
668 734 806 767 tamen
830 729 949 767 tende
994 732 1043 765 nt
1069 728 1112 765 in
1130 741 1227 778 pace
1253 732 1453 778 temptare

117 808 220 846 quae
238 808 289 832 ne
313 793 488 831 civilium
506 792 664 843 quidem
690 790 882 829 bellorum
901 790 941 827 vi
1006 802 1070 827 res
1097 789 1451 858 expostulaverint,

118 870 189 894 cur
224 858 363 893 contra
406 867 555 891 morem
591 852 779 902 obsequii,
817 855 957 889 contra
1003 850 1067 888 fas
1104 851 1333 901 disciplinae
1369 851 1451 888 vim

117 917 387 956 meditentur?
444 916 712 952 Decernerent
748 913 899 964 legatos
936 925 1054 963 seque
1089 926 1221 950 coram
1258 912 1450 950 mandata

117 979 273 1017 darent.
328 977 615 1014 Adclamavere
647 979 695 1012 ut
731 975 837 1012 filius
875 974 1007 1012 Blaesi
1039 975 1228 1012 tribunus
1254 974 1451 1024 legatione

117 1053 165 1079 ea
195 1040 431 1090 fungeretur
462 1042 692 1087 peteretque
724 1037 919 1073 militibus
950 1036 1174 1073 missionem
1204 1036 1256 1073 ab
1283 1036 1450 1074 wdecim

47 1099 56 1106 ’
117 1103 257 1150 01111153
275 1105 406 1139 cetera
421 1100 692 1146 mandaturos,
708 1099 777 1136 ubi
790 1099 918 1149 prima
934 1098 1219 1148 provenissent.
1266 1098 1450 1136 Profecto

116 1166 259 1203 iuvene
289 1163 486 1201 modicum
517 1162 644 1199 otium
656 1175 668 1210 ;
707 1161 774 1198 sed
806 1161 1008 1210 superbire
1046 1160 1170 1208 miles,
1202 1160 1308 1210 quod
1344 1160 1451 1198 filius

114 1226 242 1276 legati
273 1228 408 1262 orator
439 1223 619 1273 publicae
655 1234 797 1260 causae
829 1221 928 1259 satis
959 1222 1183 1259 ostenderet
1214 1223 1449 1260 necessitate

50 1295 54 1297 ’
117 1299 301 1338 expressa
328 1298 430 1336 quae
456 1298 528 1335 per
554 1284 787 1322 modestiam
814 1296 895 1320 non
921 1283 1197 1321 obtinuissent.
1218 1296 1255 1341 'fs

169 1418 266 1455 XX.
296 1418 459 1471 Interea
490 1415 685 1465 manipuli
720 1420 816 1453 ante
852 1419 1032 1465 coeptam
1068 1415 1301 1453 seditionem
1337 1417 1380 1453 N
1380 1430 1448 1454 au-

50 1506 69 1514 ..
115 1483 277 1530 portum
304 1478 411 1515 missi
439 1478 489 1515 ob
515 1477 662 1514 itinera
690 1480 731 1514 et
758 1481 899 1527 pontes
925 1481 967 1514 et
994 1477 1092 1514 alios
1111 1490 1216 1523 usus,
1237 1481 1446 1527 postquam

114 1541 325 1578 turbatum
343 1540 388 1577 in
405 1539 545 1576 castris
562 1551 756 1588 accepere,
775 1536 922 1576 vexilla
949 1539 1178 1576 convellunt
1206 1539 1447 1590 direptisque

115 1601 304 1652 proximis
321 1592 424 1638 vicis
434 1601 596 1650 ipsoque
613 1600 836 1650 Nauporto,
851 1601 955 1650 quod
974 1600 1178 1650 municipii
1197 1601 1326 1638 instar
1343 1605 1445 1649 erat,

114 1663 325 1701 retinentis
351 1662 599 1700 centuriones
626 1661 821 1719 inrisuvet
848 1661 1107 1709 contumeliis,
1136 1666 1334 1712 postremo
1362 1675 1446 1700 ver-

115 1724 274 1762 beribus
291 1725 552 1769 insectantur,
570 1723 784 1773 praecipua
803 1723 847 1759 in
866 1723 1123 1761 Aufidienum
1152 1723 1307 1761 Rufum
1335 1737 1446 1774 prae-

115 1782 264 1824 fectum
299 1790 519 1823 castrorum
556 1785 630 1830 ira,
668 1797 784 1834 quem
821 1784 1031 1835 dereptum
1068 1785 1247 1823 vehiculo
1283 1786 1446 1823 sarcinis

115 1850 288 1898 gravant
306 1851 511 1896 aguntque
528 1846 655 1896 primo
668 1846 712 1883 in
725 1847 893 1895 agmine,
908 1859 980 1896 per
992 1847 1210 1884 ludibrium
1224 1847 1445 1897 rogitantes

115 1903 170 1946 an
196 1913 281 1947 tam
308 1909 499 1959 immensa
525 1920 658 1955 onera,
678 1912 764 1945 tam
791 1908 910 1958 longa
937 1909 1083 1946 itinera
1110 1909 1281 1947 libenter
1306 1909 1442 1948 ferret.

104 1970 269 2027 OQ
295 1970 429 2007 Rufus
446 1969 515 2007 diu
541 1970 817 2019 manipularis,
846 1970 937 2007 dein
963 1971 1154 2018 centurio,
1183 1984 1275 2008 mox
1302 1972 1444 2009 castris

114 2031 351 2081 praefectus,
378 2030 586 2080 antiquam
617 2030 838 2079 duramque
865 2030 1049 2068 militiam
1077 2032 1299 2079 revocabat,
1329 2036 1443 2070 vetus

115 2092 242 2142 operis
258 2104 304 2129 ac
320 2091 465 2129 laboris
482 2095 524 2128 et
541 2104 587 2129 00
603 2091 793 2138 inmitior,
812 2091 907 2141 quia
924 2092 1176 2131 toleraverat.

168 2194 290 2246 ΧΧῘ.
332 2209 491 2246 Horum
526 2208 703 2247 adventu
748 2209 1046 2260 redintegratur
1083 2211 1235 2259 seditio,
1272 2216 1313 2249 et
1350 2211 1441 2261 vagi

114 2269 366 2321 circumiecta
384 2269 689 2319 populabantur.
748 2270 911 2308 Blaesus
928 2284 1085 2321 paucos,
1105 2273 1275 2310 maxime
1293 2273 1440 2323 praeda

115 2333 288 2377 onustos,
323 2330 375 2368 ad
408 2333 602 2368 terrorem
631 2335 854 2368 ceterorum
886 2332 1001 2369 adfici
1032 2333 1273 2381 verberibus,
1310 2333 1440 2370 claudi

114 2401 280 2429 carcere
296 2391 434 2430 iubet:
472 2403 568 2428 nam
597 2391 720 2429 etiam
746 2395 835 2429 tum
863 2392 995 2442 legato
1021 2406 1047 2430 a
1074 2394 1372 2432 centurionibus
1399 2398 1440 2431 et

1474 929 1516 953 10

1470 1235 1510 1271 15

1465 1984 1507 2009 10
