1664 2540
507 202 615 229 Boon
642 202 684 238 1.,
713 200 853 228 anPS.
883 190 947 238 68,
976 190 1039 228 69.
1389 188 1441 226 39

106 293 322 332 victoribus
338 293 455 331 decus
471 294 651 344 gloriam.
707 294 819 339 Quae
846 293 951 330 domi
977 305 1084 340 cara,
1103 305 1204 343 quae
1230 293 1274 330 in
1300 292 1441 330 oestris

105 355 285 403 honesta,
321 359 537 400 memorat;
580 355 742 393 reticuit
777 355 825 393 de
860 354 1047 393 adversis.
1112 354 1248 404 Equos
1283 354 1437 400 dehinc,

102 429 216 454 orsus
249 429 276 454 a
310 416 405 464 suis,
441 417 666 468 legatorum
701 417 1034 467 tribunorumque
1070 416 1184 454 nulla
1220 416 1438 453 ambitione
1460 425 1503 449 10

103 478 317 517 fortissimo
333 479 475 529 cuique
492 479 676 517 bellatori
694 479 832 528 tradit,
844 482 892 517 ut
910 479 964 527 hi,
977 491 1069 517 mox
1087 479 1205 528 pedes
1222 477 1266 515 in
1283 478 1438 536 hostem

103 539 349 579 invaderent.

155 683 361 722 LXVIII.
391 685 516 722 Haud
546 685 678 723 minus
706 685 862 735 inquies
893 684 1118 722 Germanus
1145 697 1224 735 spe,
1252 683 1436 729 cupidine

101 747 143 782 et
160 744 323 786 diversis
338 746 484 783 ducum
503 746 711 783 sententiis
729 746 887 795 agebat,
902 745 1090 783 Arminio
1108 746 1284 783 sinerent
1302 745 1435 795 egredi

100 817 350 856 egressosque
377 819 538 844 rursum
564 820 636 857 per
662 807 796 844 umida
824 811 865 845 et
891 807 1071 856 inpedita
1099 807 1434 845 circumvenirent

99 867 301 914 suadente,
321 869 517 906 atrociora
537 869 791 918 Inguiomero
809 872 850 906 et
868 870 976 906 laeta
998 868 1194 916 barbaris,
1214 872 1262 906 ut
1279 869 1431 907 vallum

98 919 222 965 armis
237 929 458 967 ambirent:
484 933 709 979 promptam
727 931 1073 980 expugnationem,
1089 930 1222 980 plures
1241 931 1430 983 captivos,
1473 942 1494 976 5

97 989 370 1040 incorruptam
388 991 578 1040 praedam
596 991 691 1029 fore.
739 991 873 1041 Igitur
892 996 981 1029 orta
994 992 1056 1029 die
1074 992 1430 1041 proruunt‘fossas,

97 1050 266 1089 iniciunt
292 1055 434 1099 crates,
454 1065 609 1089 summa
629 1053 724 1090 valli
742 1057 946 1102 prensant,
966 1067 1058 1091 raro
1085 1066 1205 1103 super
1232 1054 1361 1092 milite
1388 1059 1431 1092 et

96 1113 210 1162 quasi
240 1114 290 1151 ob
321 1117 473 1151 metum
508 1114 647 1152 defixo.
703 1115 922 1164 Postquam
958 1115 1121 1153 haesere
1157 1116 1427 1162 munimentis,

94 1173 217 1211 datur
246 1175 472 1212 cohortibus
502 1175 662 1225 signum
693 1189 921 1225 cornuaque
956 1190 1001 1214 ac
1032 1177 1154 1214 tubae
1182 1177 1427 1215 concinuere.

95 1235 202 1272 Exin
236 1236 408 1274 clamore
445 1238 487 1274 et
522 1238 675 1286 impetu
711 1239 836 1288 tergis
867 1238 1157 1276 Germanorum
1188 1240 1428 1277 circumfun-
1450 1253 1493 1278 10

93 1296 256 1344 duntur,
276 1298 559 1347 exprobrantes
586 1312 666 1336 non
684 1299 749 1336 hic
766 1299 886 1337 silvas
912 1312 984 1337 nec
1002 1300 1176 1350 paludes,
1198 1301 1265 1339 sed
1291 1303 1428 1352 aequis

93 1357 187 1395 locis
222 1371 367 1408 aequos
403 1359 506 1397 deos.
580 1361 702 1397 Hosti
739 1360 855 1400 facile
892 1362 1088 1399 excidium
1124 1366 1167 1399 et
1201 1375 1348 1412 paucos
1382 1377 1428 1402 ac

92 1430 303 1457 semermos
320 1421 512 1470 cogitanti
530 1434 649 1458 sonus
667 1422 871 1469 tubarum,
890 1423 1023 1472 fulgor
1041 1436 1256 1471 armorum,
1273 1429 1427 1474 quanto

91 1479 266 1530 inopina,
294 1484 411 1519 tanto
437 1483 588 1520 maiora
615 1483 889 1531 offunduntur,
918 1484 1199 1534 cadebantque,
1230 1490 1275 1523 ut
1308 1487 1425 1524 rebus

62 1542 271 1579 'secundis
306 1542 426 1590 avidi,
462 1544 523 1580 ita
559 1544 733 1581 adversis
768 1545 935 1583 incauti.
1006 1546 1219 1584 Arminius
1255 1547 1423 1597 integer,
1446 1562 1485 1599 15

91 1602 370 1653 Inguiomerus
395 1608 485 1654 post
511 1618 634 1655 grave
652 1606 798 1643 vulnus
815 1619 993 1656 pugnam
1020 1608 1225 1646 deseruere
1236 1622 1248 1656 ;
1281 1609 1425 1659 vulgus

90 1663 337 1702 trucidatum
355 1669 428 1713 est,
448 1665 568 1703 donec
586 1666 648 1704 ira
671 1671 711 1704 et
731 1667 813 1705 dies
830 1669 1060 1717 permansit.
1115 1669 1243 1707 Nocte
1263 1670 1423 1708 demum

89 1728 270 1764 revereae
295 1727 478 1776 legiones,
505 1729 686 1778 quamvis
714 1729 804 1779 plus
831 1730 1056 1779 vulnerum,
1081 1731 1216 1769 eadem
1244 1733 1421 1771 ciborum

88 1790 242 1837 egestas
267 1787 472 1838 fatigaret,
499 1790 579 1828 vim
606 1790 819 1828 sanitatem
846 1792 988 1842 copias,
1011 1796 1155 1830 cuncta
1182 1793 1226 1830 in
1254 1795 1421 1832 victoria

88 1847 275 1887 habuere.
1439 1868 1484 1894 20

141 1997 299 2037 LXIX.
327 1998 563 2043 Pervaserat
590 2001 752 2038 interim
783 2001 1041 2040 circumventi
1080 2003 1276 2041 exercitus
1306 2003 1417 2041 fama

86 2061 128 2095 et
145 2058 291 2096 infesto
309 2059 599 2098 Germanorum
617 2061 776 2111 agmine
794 2062 946 2100 Gallias
963 2064 1059 2112 peti,
1071 2076 1118 2101 ac
1136 2064 1177 2100 ni
1188 2065 1416 2114 Agrippina

85 2118 301 2168 inpositum
329 2120 472 2158 Rheno
506 2125 669 2170 pontem
700 2123 798 2160 solvi
830 2124 1107 2172 prohibuisset,
1135 2128 1250 2162 erant
1277 2126 1346 2174 qui
1374 2126 1415 2163 id

85 2179 281 2229 flagitium
317 2181 527 2221 formidine
561 2183 768 2222 auderent.
825 2185 902 2223 Sed
932 2185 1083 2223 femina
1112 2186 1254 2236 ingens
1289 2187 1414 2224 animi

84 2240 223 2278 munia
241 2241 350 2278 ducis
366 2254 439 2292 per
464 2255 529 2280 eos
555 2243 637 2282 dies
655 2245 798 2291 induit,
818 2246 1101 2296 militibusque,
1120 2251 1168 2284 ut
1187 2247 1277 2296 quis
1301 2247 1414 2297 inops
1453 2261 1475 2297 5

83 2303 157 2337 aut
187 2301 352 2349 saucius,
384 2307 532 2342 vestem
564 2309 606 2342 et
637 2305 815 2344 fomenta
846 2307 1033 2357 dilargita
1065 2312 1137 2346 est.
1193 2308 1335 2346 Tradit
1366 2309 1410 2347 O.

83 2360 248 2408 Plinius,
286 2362 612 2402 Germanicorum
648 2366 840 2404 bellorum
884 2369 1065 2417 scriptor,
1103 2369 1259 2406 stetisse
1304 2370 1411 2419 apud
