1664 2540
397 216 401 218 ἡ
464 205 571 232 BOOK
598 204 640 240 1.,
668 203 808 231 emes.
837 193 901 239 54,
930 192 994 230 55.
1346 191 1395 229 31

61 299 249 350 indignus
276 297 506 348 Sempronio
532 297 713 335 nomine:
741 296 826 334 vita
845 296 1168 347 degeneraverat.
1223 294 1396 340 Quidam

62 374 144 398 non
172 360 302 398 Roma
330 372 395 398 eos
426 359 583 406 milites,
616 358 683 397 sed
710 359 764 396 ab
796 358 840 396 L.
871 357 1102 409 Asprenate
1133 370 1206 407 pro
1236 356 1397 394 consule

62 423 230 460 Africae
247 423 384 460 missos
402 421 603 459 tradidere
629 424 791 459 auctore
817 421 985 468 Tiberio,
1005 421 1075 470 qui
1096 419 1248 457 famam
1266 419 1398 457 caedis

62 496 174 536 pooee
199 484 244 521 in
270 484 539 534 Asprenatem
564 482 667 520 verti
693 482 846 520 frustra
872 485 1117 532 speraverat.

55 638 58 640 ’
119 631 230 668 LIV.
259 630 372 668 Idem
391 642 524 666 annus
541 641 663 666 novas
687 628 943 666 caerimonias
966 627 1116 678 accepit
1134 628 1271 666 addito
1288 628 1398 666 soda-

62 693 165 730 lium
200 691 485 742 Augustalium
522 690 751 737 sacerdotio,
787 693 835 727 ut
871 690 1071 739 quondam
1108 690 1225 727 Titus
1259 690 1399 727 Tatius

65 753 285 792 retinendis
301 752 541 790 Sabinorum
560 751 678 789 sacris
696 751 846 789 sodales
855 751 979 789 Titios
997 752 1240 790 instituerat.
1283 752 1399 789 Sorte

66 815 177 853 ducti
220 827 243 852 e
284 814 524 864 primoribus
558 814 734 851 civitatis
779 827 885 850 unus
920 817 962 850 et
999 813 1165 863 viginti:
1216 813 1399 852 Tiberius

67 877 301 926 Drususque
325 879 367 913 et
394 875 583 913 Claudius
609 879 651 912 et
678 874 938 912 Germanicus
966 875 1207 912 adiciuntur.
1264 874 1399 912 Ludos

66 937 312 987 August-ales
348 943 445 974 tunc
489 935 664 986 prImum
705 941 863 985 coeptos
898 936 1081 973 turbavit
1123 936 1316 974 discordia
1350 949 1400 974 ex

65 999 283 1037 certamine
299 998 551 1036 histrionum.
598 997 827 1035 Indulserat
846 997 882 1035 ei
899 998 1050 1035 ludicro
1066 998 1290 1048 Augustus,
1304 998 1399 1035 dum

68 1060 297 1099 Maecenati
322 1061 571 1109 obtemperat
597 1060 720 1096 effuso
751 1060 794 1096 in
826 1072 1000 1097 amorem
1030 1060 1211 1110 Bathylli
1222 1073 1234 1107 ς
1270 1073 1400 1110 neque

67 1123 150 1173 ipse
185 1122 427 1160 abhorrebat
462 1121 611 1158 talibus
639 1121 782 1158 studiis
816 1126 858 1158 et
892 1121 1007 1158 civile
1042 1121 1209 1158 rebatur
1244 1121 1399 1159 misceri

67 1183 342 1234 voluptatibus
360 1183 483 1233 vulgi.
538 1183 633 1220 Alia
659 1182 815 1220 Tiberio
842 1195 998 1220 morum
1016 1182 1095 1229 via,
1114 1182 1182 1220 sed
1208 1183 1399 1233 populum

67 1258 140 1297 per
155 1249 219 1284 tot
236 1258 361 1283 annos
378 1245 549 1282 molliter
566 1244 750 1281 habitum
769 1245 943 1282 nondum
971 1244 1145 1283 audebat
1163 1245 1216 1283 ad
1234 1245 1399 1284 duriora

68 1311 235 1346 vertere.

1339 1384 1356 1412 ‚
1399 1393 1402 1395 Α

124 1441 212 1480 LV.
242 1442 373 1479 Druso
408 1441 577 1478 Caesare
612 1440 655 1477 G.
688 1439 877 1477 Norbano
913 1441 1140 1478 consulibus
1174 1441 1403 1479 decernitur

70 1502 306 1541 Germanico
332 1501 561 1550 triumphus
587 1505 775 1539 manente
801 1501 926 1546 bello;
958 1502 1063 1552 quod
1089 1515 1330 1552 quamquam
1356 1503 1401 1540 in

71 1568 267 1602 aestatem
292 1576 447 1601 summa
474 1576 547 1613 ope
574 1563 758 1612 parabat,
781 1563 898 1601 initio
925 1564 1029 1601 veris
1054 1567 1097 1602 et
1122 1565 1332 1614 repentino
1357 1565 1401 1602 in

73 1625 241 1664 chattos
266 1638 431 1662 excursu
459 1625 661 1674 praecipit.
717 1625 826 1662 Nam
858 1639 945 1675 spes
972 1626 1184 1664 incesserat
1216 1627 1403 1665 dissidere

72 1687 227 1725 hostem
270 1687 313 1724 111
349 1687 577 1724 Arminium
613 1700 660 1724 ae
696 1687 908 1736 Segestem,
943 1688 1140 1737 insignem
1184 1693 1402 1739 utrumque

73 1749 238 1800 perfidia
266 1749 310 1786 in
342 1761 414 1785 nos
444 1751 518 1785 aut
546 1747 632 1784 fide.
687 1748 899 1786 Arminius
923 1749 1111 1787 turbator
1136 1749 1402 1798 Germaniae;

44 1847 49 1850 ,
74 1810 254 1860 Segestes
271 1809 404 1860 parari
422 1810 673 1846 rebellionem
692 1822 806 1859 saepe
833 1811 934 1848 alias
950 1814 992 1848 et
1010 1824 1194 1860 supremo
1210 1811 1402 1859 convivio,

74 1875 164 1922 post
197 1871 303 1920 quod
333 1870 377 1908 in
412 1883 525 1907 arma
561 1871 676 1913 itum,
709 1871 867 1920 aperuit
902 1872 1106 1921 suasitque
1137 1872 1251 1909 Varo
1281 1876 1330 1910 ut
1361 1884 1403 1910 se

74 1938 117 1971 et
142 1931 372 1970 Arminium
398 1935 441 1969 et
467 1935 616 1968 ceteros
642 1944 822 1981 proceres
848 1932 1040 1970 vinciret:
1079 1933 1180 1970 nihil
1212 1946 1403 1971 ausuram

75 1993 229 2062 plebem
264 1993 507 2042 principibus
542 1992 696 2040 amotis,
734 1998 855 2042 atque
890 1994 967 2043 ipsi
1002 1997 1160 2044 tempus
1194 1993 1291 2042 fore,
1324 2007 1403 2044 quo

75 2054 243 2093 crimina
278 2057 321 2091 et
356 2054 538 2092 innoxios
572 2054 824 2092 discerneret.
886 2055 963 2093 Sed
992 2056 1128 2093 Varus
1164 2055 1251 2094 fato
1286 2060 1328 2094 et
1362 2058 1404 2094 vi

75 2115 239 2153 Armini
271 2115 434 2163 cecidit3
480 2115 659 2165 Segestes
693 2129 932 2167 quamquam
967 2129 1161 2155 consensu
1198 2119 1329 2168 gentis
1360 2119 1404 2155 in

76 2177 225 2214 bellum
248 2180 401 2214 tractus
418 2177 563 2214 discors
589 2178 778 2215 manebat
804 2178 940 2216 auctis
957 2179 1146 2228 privatim
1173 2179 1282 2227 odiis,
1300 2179 1403 2229 quod

76 2237 286 2276 Arminius
315 2237 439 2275 filiam
469 2238 555 2275 eius
582 2238 651 2275 alii
682 2242 841 2288 pactam
872 2244 1075 2289 rapuerat,
1104 2253 1225 2290 gener
1254 2241 1405 2278 invisus

1422 1193 1465 1218 10

1426 2008 1467 2034 10

77 2299 228 2337 inimici
261 2299 395 2345 soceri,
431 2311 608 2348 quaeque
642 2299 748 2349 apud
783 2300 990 2338 concordes
1022 2301 1181 2340 vincula
1210 2302 1402 2349 ‹nx-itatis,
1426 2315 1466 2351 ¹5

76 2359 336 2408 incitamenta
352 2359 506 2397 irarum
520 2359 627 2409 apud
644 2359 819 2398 infensos
836 2366 964 2398 erant.
